<?xml version="1.0" encoding="UTF-8"?>
<!DOCTYPE html PUBLIC "-//W3C//DTD XHTML 1.0 Transitional//EN"
    "http://www.w3.org/TR/xhtml1/DTD/xhtml1-transitional.dtd">
<html xmlns="http://www.w3.org/1999/xhtml" xml:lang="en" lang="en">
 <head>
  <title>
</title>
<meta http-equiv="Content-Type" content="text/html;charset=utf-8" />
  <meta name='ocr-system' content='tesseract 3.04.00' />
  <meta name='ocr-capabilities' content='ocr_page ocr_carea ocr_par ocr_line ocrx_word'/>
</head>
<body>
  <div class='ocr_page' id='page_1' title='image "./inscriptionumla02henzgoog_0556.png"; bbox 0 0 3066 5182; ppageno 0'>
   <div class='ocr_carea' id='block_1_1' title="bbox 562 298 1461 384">
    <p class='ocr_par' dir='ltr' id='par_1_1' title="bbox 562 298 1461 384">
     <span class='ocr_line' id='line_1_1' title="bbox 562 298 1461 384; baseline 0.011 -9"><span class='ocrx_word' id='word_1_1' title='bbox 562 318 963 378; x_wconf 78' lang='lat' dir='ltr'>nurennrnrcrx.x1.</span> <span class='ocrx_word' id='word_1_2' title='bbox 1315 322 1370 384; x_wconf 76' lang='lat' dir='ltr'>ess</span> <span class='ocrx_word' id='word_1_3' title='bbox 1457 298 1461 307; x_wconf 79' lang='grc'><strong>’</strong></span> 
     </span>
    </p>
   </div>
   <div class='ocr_carea' id='block_1_2' title="bbox 152 446 1431 3487">
    <p class='ocr_par' dir='ltr' id='par_1_2' title="bbox 152 446 1431 3487">
     <span class='ocr_line' id='line_1_2' title="bbox 153 446 1370 525; baseline 0.004 -22"><span class='ocrx_word' id='word_1_4' title='bbox 153 454 293 503; x_wconf 78' lang='lat' dir='ltr'>miseriem</span> <span class='ocrx_word' id='word_1_5' title='bbox 320 449 421 503; x_wconf 78' lang='lat' dir='ltr'>solatur</span> <span class='ocrx_word' id='word_1_6' title='bbox 449 449 508 504; x_wconf 78' lang='lat' dir='ltr'>eliis</span> <span class='ocrx_word' id='word_1_7' title='bbox 541 446 659 503; x_wconf 83' lang='lat' dir='ltr'>rirle&#39;ndis</span> <span class='ocrx_word' id='word_1_8' title='bbox 691 465 718 503; x_wconf 90' lang='lat' dir='ltr'>et</span> <span class='ocrx_word' id='word_1_9' title='bbox 747 447 1004 525; x_wconf 41' lang='lat' dir='ltr'>perstringendo&amp;</span> <span class='ocrx_word' id='word_1_10' title='bbox 1048 450 1179 507; x_wconf 72' lang='lat' dir='ltr'>nubtum</span> <span class='ocrx_word' id='word_1_11' title='bbox 1209 471 1266 509; x_wconf 87' lang='lat' dir='ltr'>nors</span> <span class='ocrx_word' id='word_1_12' title='bbox 1296 458 1370 508; x_wconf 84' lang='lat' dir='ltr'>sines</span> 
     </span>
     <span class='ocr_line' id='line_1_3' title="bbox 152 527 1416 619; baseline 0.002 -23"><span class='ocrx_word' id='word_1_13' title='bbox 152 541 512 615; x_wconf 82' lang='lat' dir='ltr'>ampliuslisgenbuehium</span> <span class='ocrx_word' id='word_1_14' title='bbox 532 544 564 596; x_wconf 84' lang='lat' dir='ltr'>V.</span> <span class='ocrx_word' id='word_1_15' title='bbox 582 541 624 597; x_wconf 89' lang='lat' dir='ltr'>cl.</span> <span class='ocrx_word' id='word_1_16' title='bbox 661 544 713 594; x_wconf 83' lang='lat' dir='ltr'>Res</span> <span class='ocrx_word' id='word_1_17' title='bbox 737 559 778 596; x_wconf 81' lang='lat' dir='ltr'>est</span> <span class='ocrx_word' id='word_1_18' title='bbox 802 559 884 596; x_wconf 84' lang='lat' dir='ltr'>certo.</span> <span class='ocrx_word' id='word_1_19' title='bbox 922 543 1028 597; x_wconf 84' lang='lat' dir='ltr'>Perlotn</span> <span class='ocrx_word' id='word_1_20' title='bbox 1052 542 1371 619; x_wconf 64' lang='lat' dir='ltr'>:interrumpam</span> <span class='ocrx_word' id='word_1_21' title='bbox 1414 527 1416 531; x_wconf 16' lang='lat' dir='ltr'>V</span> 
     </span>
     <span class='ocr_line' id='line_1_4' title="bbox 154 619 1409 710; baseline 0.006 -25"><span class='ocrx_word' id='word_1_22' title='bbox 154 632 278 710; x_wconf 70' lang='lat' dir='ltr'>coctiles</span> <span class='ocrx_word' id='word_1_23' title='bbox 299 633 431 705; x_wconf 78' lang='lat' dir='ltr'>Apologio</span> <span class='ocrx_word' id='word_1_24' title='bbox 450 634 566 687; x_wconf 81' lang='lat' dir='ltr'>Carmeli</span> <span class='ocrx_word' id='word_1_25' title='bbox 587 633 649 687; x_wconf 86' lang='lat' dir='ltr'>Itsli</span> <span class='ocrx_word' id='word_1_26' title='bbox 672 651 766 688; x_wconf 87' lang='lat' dir='ltr'>contro</span> <span class='ocrx_word' id='word_1_27' title='bbox 785 632 901 688; x_wconf 84' lang='lat' dir='ltr'>eundem</span> <span class='ocrx_word' id='word_1_28' title='bbox 920 637 1072 694; x_wconf 84' lang='lat' dir='ltr'>iieisitium:</span> <span class='ocrx_word' id='word_1_29' title='bbox 1101 652 1165 689; x_wconf 86' lang='lat' dir='ltr'>nsnr</span> <span class='ocrx_word' id='word_1_30' title='bbox 1185 635 1257 692; x_wconf 88' lang='lat' dir='ltr'>idern</span> <span class='ocrx_word' id='word_1_31' title='bbox 1276 649 1372 692; x_wconf 82' lang='lat' dir='ltr'>auctor&#39;</span> <span class='ocrx_word' id='word_1_32' title='bbox 1407 619 1409 625; x_wconf 33' lang='grc' dir='ltr'>Ι</span> 
     </span>
     <span class='ocr_line' id='line_1_5' title="bbox 153 725 1372 802; baseline 0.002 -21"><span class='ocrx_word' id='word_1_33' title='bbox 153 743 194 781; x_wconf 88' lang='lat' dir='ltr'>est</span> <span class='ocrx_word' id='word_1_34' title='bbox 219 725 292 779; x_wconf 90' lang='lat' dir='ltr'>illios</span> <span class='ocrx_word' id='word_1_35' title='bbox 319 731 502 793; x_wconf 68' lang='lat' dir='ltr'>recensionis,</span> <span class='ocrx_word' id='word_1_36' title='bbox 532 742 583 799; x_wconf 82' lang='lat' dir='ltr'>qus</span> <span class='ocrx_word' id='word_1_37' title='bbox 603 743 630 780; x_wconf 90' lang='lat' dir='ltr'>et</span> <span class='ocrx_word' id='word_1_38' title='bbox 648 727 791 800; x_wconf 83' lang='lat' dir='ltr'>Euripides</span> <span class='ocrx_word' id='word_1_39' title='bbox 811 743 838 780; x_wconf 89' lang='lat' dir='ltr'>et</span> <span class='ocrx_word' id='word_1_40' title='bbox 857 731 915 781; x_wconf 88' lang='lat' dir='ltr'>eins</span> <span class='ocrx_word' id='word_1_41' title='bbox 934 731 1065 800; x_wconf 90' lang='lat' dir='ltr'>interpres</span> <span class='ocrx_word' id='word_1_42' title='bbox 1085 729 1224 782; x_wconf 76' lang='lat' dir='ltr'>Carmelus</span> <span class='ocrx_word' id='word_1_43' title='bbox 1242 735 1372 802; x_wconf 80' lang='lat' dir='ltr'>perstrin-</span> 
     </span>
     <span class='ocr_line' id='line_1_6' title="bbox 155 805 1416 892; baseline 0.002 -21"><span class='ocrx_word' id='word_1_44' title='bbox 155 834 264 890; x_wconf 68' lang='lat' dir='ltr'>guntur.</span> <span class='ocrx_word' id='word_1_45' title='bbox 305 816 437 891; x_wconf 77' lang='lat' dir='ltr'><strong>Indignor</strong></span> <span class='ocrx_word' id='word_1_46' title='bbox 456 817 593 872; x_wconf 85' lang='lat' dir='ltr'>intertium</span> <span class='ocrx_word' id='word_1_47' title='bbox 612 819 733 884; x_wconf 81' lang='lat' dir='ltr'>homiui,</span> <span class='ocrx_word' id='word_1_48' title='bbox 758 817 804 872; x_wconf 88' lang='lat' dir='ltr'>sed</span> <span class='ocrx_word' id='word_1_49' title='bbox 823 824 909 891; x_wconf 83' lang='lat' dir='ltr'>magis</span> <span class='ocrx_word' id='word_1_50' title='bbox 928 824 1039 874; x_wconf 89' lang='lat' dir='ltr'>miseret</span> <span class='ocrx_word' id='word_1_51' title='bbox 1058 836 1102 872; x_wconf 91' lang='lat' dir='ltr'>me</span> <span class='ocrx_word' id='word_1_52' title='bbox 1121 825 1188 875; x_wconf 85' lang='lat' dir='ltr'>eius.</span> <span class='ocrx_word' id='word_1_53' title='bbox 1226 823 1314 892; x_wconf 79' lang='lat' dir='ltr'>Atque</span> <span class='ocrx_word' id='word_1_54' title='bbox 1334 827 1371 875; x_wconf 80' lang='lat' dir='ltr'>its</span> <span class='ocrx_word' id='word_1_55' title='bbox 1415 805 1416 809; x_wconf 11' lang='grc' dir='ltr'><strong>Ἰ</strong></span> 
     </span>
     <span class='ocr_line' id='line_1_7' title="bbox 155 909 1372 969; baseline 0.002 -4"><span class='ocrx_word' id='word_1_56' title='bbox 155 916 290 965; x_wconf 89' lang='lat' dir='ltr'>snimotos</span> <span class='ocrx_word' id='word_1_57' title='bbox 320 927 380 964; x_wconf 90' lang='lat' dir='ltr'>sum</span> <span class='ocrx_word' id='word_1_58' title='bbox 409 915 438 964; x_wconf 91' lang='lat' dir='ltr'>in</span> <span class='ocrx_word' id='word_1_59' title='bbox 465 911 621 966; x_wconf 82' lang='lat' dir='ltr'>Trillerom.</span> <span class='ocrx_word' id='word_1_60' title='bbox 666 912 768 965; x_wconf 86' lang='lat' dir='ltr'>Contra</span> <span class='ocrx_word' id='word_1_61' title='bbox 799 917 857 965; x_wconf 84' lang='lat' dir='ltr'>cios</span> <span class='ocrx_word' id='word_1_62' title='bbox 884 917 1070 966; x_wconf 81' lang='lat' dir='ltr'>coniecturam</span> <span class='ocrx_word' id='word_1_63' title='bbox 1098 910 1131 966; x_wconf 89' lang='lat' dir='ltr'>de</span> <span class='ocrx_word' id='word_1_64' title='bbox 1160 913 1221 969; x_wconf 92' lang='lat' dir='ltr'>loco</span> <span class='ocrx_word' id='word_1_65' title='bbox 1249 909 1372 968; x_wconf 84' lang='lat' dir='ltr'>Suetonii</span> 
     </span>
     <span class='ocr_line' id='line_1_8' title="bbox 156 1001 1373 1078; baseline 0.004 -24"><span class='ocrx_word' id='word_1_66' title='bbox 156 1003 252 1078; x_wconf 50' lang='lat' dir='ltr'>(Auge</span> <span class='ocrx_word' id='word_1_67' title='bbox 264 1003 297 1058; x_wconf 87' lang='lat' dir='ltr'>C.</span> <span class='ocrx_word' id='word_1_68' title='bbox 315 1001 373 1076; x_wconf 64' lang='lat' dir='ltr'>iiii)</span> <span class='ocrx_word' id='word_1_69' title='bbox 391 1001 609 1074; x_wconf 71' lang='lat' dir='ltr'>confirmabatur</span> <span class='ocrx_word' id='word_1_70' title='bbox 627 1005 746 1062; x_wconf 82' lang='lat' dir='ltr'>remedio</span> <span class='ocrx_word' id='word_1_71' title='bbox 764 1003 926 1056; x_wconf 74' lang='lat' dir='ltr'><em>harundinis</em></span> <span class='ocrx_word' id='word_1_72' title='bbox 943 1013 971 1056; x_wconf 84' lang='lat' dir='ltr'>et</span> <span class='ocrx_word' id='word_1_73' title='bbox 990 1022 1137 1058; x_wconf 80' lang='lat' dir='ltr'>arenarum</span> <span class='ocrx_word' id='word_1_74' title='bbox 1155 1010 1209 1059; x_wconf 91' lang='lat' dir='ltr'>sois</span> <span class='ocrx_word' id='word_1_75' title='bbox 1228 1023 1285 1059; x_wconf 84' lang='lat' dir='ltr'>esse</span> <span class='ocrx_word' id='word_1_76' title='bbox 1304 1010 1373 1059; x_wconf 85' lang='lat' dir='ltr'>scri·</span> 
     </span>
     <span class='ocr_line' id='line_1_9' title="bbox 156 1090 1414 1171; baseline 0.003 -23"><span class='ocrx_word' id='word_1_77' title='bbox 156 1112 230 1170; x_wconf 85' lang='lat' dir='ltr'>prom</span> <span class='ocrx_word' id='word_1_78' title='bbox 244 1096 385 1168; x_wconf 85' lang='lat' dir='ltr'>epistolam</span> <span class='ocrx_word' id='word_1_79' title='bbox 399 1095 744 1170; x_wconf 75' lang='lat' dir='ltr'>oMedieoSpriugsleltlio,</span> <span class='ocrx_word' id='word_1_80' title='bbox 755 1097 897 1169; x_wconf 84' lang='lat' dir='ltr'>etquidem</span> <span class='ocrx_word' id='word_1_81' title='bbox 905 1099 1137 1152; x_wconf 82' lang='lat' dir='ltr'>humanissimam.</span> <span class='ocrx_word' id='word_1_82' title='bbox 1156 1090 1375 1171; x_wconf 82' lang='lat' dir='ltr'>Eampritstesss</span> <span class='ocrx_word' id='word_1_83' title='bbox 1410 1154 1414 1163; x_wconf 65' lang='grc'><strong><em>,</em></strong></span> 
     </span>
     <span class='ocr_line' id='line_1_10' title="bbox 158 1186 1416 1263; baseline 0 -21"><span class='ocrx_word' id='word_1_84' title='bbox 158 1193 288 1260; x_wconf 83' lang='lat' dir='ltr'>scriptam</span> <span class='ocrx_word' id='word_1_85' title='bbox 306 1192 438 1242; x_wconf 83' lang='lat' dir='ltr'>instinctu</span> <span class='ocrx_word' id='word_1_86' title='bbox 456 1207 535 1254; x_wconf 80' lang='lat' dir='ltr'>meo,</span> <span class='ocrx_word' id='word_1_87' title='bbox 563 1194 618 1242; x_wconf 83' lang='lat' dir='ltr'>sire</span> <span class='ocrx_word' id='word_1_88' title='bbox 637 1195 727 1262; x_wconf 88' lang='lat' dir='ltr'>potius</span> <span class='ocrx_word' id='word_1_89' title='bbox 752 1206 837 1244; x_wconf 86' lang='lat' dir='ltr'>totam</span> <span class='ocrx_word' id='word_1_90' title='bbox 858 1205 873 1243; x_wconf 87' lang='lat' dir='ltr'>s</span> <span class='ocrx_word' id='word_1_91' title='bbox 892 1207 952 1244; x_wconf 82' lang='lat' dir='ltr'>sne:</span> <span class='ocrx_word' id='word_1_92' title='bbox 983 1189 1054 1262; x_wconf 91' lang='lat' dir='ltr'>quod</span> <span class='ocrx_word' id='word_1_93' title='bbox 1073 1207 1123 1261; x_wconf 83' lang='lat' dir='ltr'>ego</span> <span class='ocrx_word' id='word_1_94' title='bbox 1142 1207 1250 1263; x_wconf 78' lang='lat' dir='ltr'>possum</span> <span class='ocrx_word' id='word_1_95' title='bbox 1270 1190 1373 1263; x_wconf 85' lang='lat' dir='ltr'>liquido</span> <span class='ocrx_word' id='word_1_96' title='bbox 1414 1186 1416 1189; x_wconf 69' lang='grc'>’</span> 
     </span>
     <span class='ocr_line' id='line_1_11' title="bbox 158 1280 1375 1356; baseline 0.005 -25"><span class='ocrx_word' id='word_1_97' title='bbox 158 1285 247 1341; x_wconf 79' lang='lat' dir='ltr'>iurare</span> <span class='ocrx_word' id='word_1_98' title='bbox 265 1280 364 1333; x_wconf 83' lang='lat' dir='ltr'>iolsum</span> <span class='ocrx_word' id='word_1_99' title='bbox 384 1299 450 1336; x_wconf 89' lang='lat' dir='ltr'>esse.</span> <span class='ocrx_word' id='word_1_100' title='bbox 483 1284 577 1353; x_wconf 77' lang='lat' dir='ltr'>Itaque</span> <span class='ocrx_word' id='word_1_101' title='bbox 595 1299 650 1335; x_wconf 89' lang='lat' dir='ltr'>noo</span> <span class='ocrx_word' id='word_1_102' title='bbox 669 1280 752 1334; x_wconf 88' lang='lat' dir='ltr'>modo</span> <span class='ocrx_word' id='word_1_103' title='bbox 770 1287 798 1336; x_wconf 90' lang='lat' dir='ltr'>io</span> <span class='ocrx_word' id='word_1_104' title='bbox 817 1282 895 1336; x_wconf 88' lang='lat' dir='ltr'>illum</span> <span class='ocrx_word' id='word_1_105' title='bbox 912 1280 1137 1355; x_wconf 78' lang='lat' dir='ltr'>springsieldium</span> <span class='ocrx_word' id='word_1_106' title='bbox 1156 1288 1266 1355; x_wconf 89' lang='lat' dir='ltr'>scripsit</span> <span class='ocrx_word' id='word_1_107' title='bbox 1284 1299 1375 1356; x_wconf 83' lang='lat' dir='ltr'>asper·</span> 
     </span>
     <span class='ocr_line' id='line_1_12' title="bbox 159 1373 1375 1448; baseline 0.002 -21"><span class='ocrx_word' id='word_1_108' title='bbox 159 1379 254 1427; x_wconf 86' lang='lat' dir='ltr'>rirnarn</span> <span class='ocrx_word' id='word_1_109' title='bbox 275 1373 433 1446; x_wconf 80' lang='lat' dir='ltr'>epistolem,</span> <span class='ocrx_word' id='word_1_110' title='bbox 458 1375 505 1429; x_wconf 87' lang='lat' dir='ltr'>sed</span> <span class='ocrx_word' id='word_1_111' title='bbox 525 1379 554 1426; x_wconf 90' lang='lat' dir='ltr'>in</span> <span class='ocrx_word' id='word_1_112' title='bbox 574 1390 604 1427; x_wconf 77' lang='lat' dir='ltr'>es</span> <span class='ocrx_word' id='word_1_113' title='bbox 624 1379 705 1428; x_wconf 86' lang='lat' dir='ltr'>etiam</span> <span class='ocrx_word' id='word_1_114' title='bbox 726 1379 755 1429; x_wconf 88' lang='lat' dir='ltr'>in</span> <span class='ocrx_word' id='word_1_115' title='bbox 774 1392 834 1441; x_wconf 80' lang='lat' dir='ltr'>mc,</span> <span class='ocrx_word' id='word_1_116' title='bbox 863 1391 1026 1448; x_wconf 83' lang='lat' dir='ltr'>quamquam</span> <span class='ocrx_word' id='word_1_117' title='bbox 1045 1391 1157 1447; x_wconf 85' lang='lat' dir='ltr'>porceos</span> <span class='ocrx_word' id='word_1_118' title='bbox 1175 1380 1298 1444; x_wconf 79' lang='lat' dir='ltr'>nomini,</span> <span class='ocrx_word' id='word_1_119' title='bbox 1325 1381 1375 1430; x_wconf 83' lang='lat' dir='ltr'>im·</span> 
     </span>
     <span class='ocr_line' id='line_1_13' title="bbox 158 1464 1374 1540; baseline 0.003 -22"><span class='ocrx_word' id='word_1_120' title='bbox 158 1483 251 1540; x_wconf 89' lang='lat' dir='ltr'>petum</span> <span class='ocrx_word' id='word_1_121' title='bbox 269 1464 349 1520; x_wconf 85' lang='lat' dir='ltr'>iecit:</span> <span class='ocrx_word' id='word_1_122' title='bbox 369 1465 465 1538; x_wconf 77' lang='lat' dir='ltr'>idque,</span> <span class='ocrx_word' id='word_1_123' title='bbox 490 1468 606 1520; x_wconf 84' lang='lat' dir='ltr'>etmihi</span> <span class='ocrx_word' id='word_1_124' title='bbox 626 1467 722 1538; x_wconf 85' lang='lat' dir='ltr'>aliquis</span> <span class='ocrx_word' id='word_1_125' title='bbox 741 1467 824 1532; x_wconf 78' lang='lat' dir='ltr'>dixit,</span> <span class='ocrx_word' id='word_1_126' title='bbox 846 1472 978 1521; x_wconf 87' lang='lat' dir='ltr'>instinctu</span> <span class='ocrx_word' id='word_1_127' title='bbox 996 1466 1173 1534; x_wconf 78' lang='lat' dir='ltr'>Gotscherlii‚</span> <span class='ocrx_word' id='word_1_128' title='bbox 1193 1473 1330 1522; x_wconf 75' lang='lat' dir='ltr'>narrantis</span> <span class='ocrx_word' id='word_1_129' title='bbox 1348 1473 1374 1522; x_wconf 88' lang='lat' dir='ltr'>ei</span> 
     </span>
     <span class='ocr_line' id='line_1_14' title="bbox 159 1559 1374 1633; baseline 0.002 -22"><span class='ocrx_word' id='word_1_130' title='bbox 159 1559 192 1611; x_wconf 89' lang='lat' dir='ltr'>de</span> <span class='ocrx_word' id='word_1_131' title='bbox 212 1562 349 1624; x_wconf 73' lang='lat' dir='ltr'>amicitie,</span> <span class='ocrx_word' id='word_1_132' title='bbox 376 1575 444 1630; x_wconf 84' lang='lat' dir='ltr'>quae</span> <span class='ocrx_word' id='word_1_133' title='bbox 464 1560 532 1611; x_wconf 89' lang='lat' dir='ltr'>mibi</span> <span class='ocrx_word' id='word_1_134' title='bbox 551 1559 655 1612; x_wconf 80' lang='lat' dir='ltr'>Tecum</span> <span class='ocrx_word' id='word_1_135' title='bbox 680 1559 834 1614; x_wconf 84' lang='lat' dir='ltr'>intercedit.</span> <span class='ocrx_word' id='word_1_136' title='bbox 871 1560 962 1613; x_wconf 79' lang='lat' dir='ltr'>Etiam</span> <span class='ocrx_word' id='word_1_137' title='bbox 981 1561 1164 1632; x_wconf 84' lang='lat' dir='ltr'>Hypercritiei</span> <span class='ocrx_word' id='word_1_138' title='bbox 1183 1560 1275 1633; x_wconf 77' lang='lat' dir='ltr'>Alpini</span> <span class='ocrx_word' id='word_1_139' title='bbox 1295 1566 1324 1614; x_wconf 90' lang='lat' dir='ltr'>iu</span> <span class='ocrx_word' id='word_1_140' title='bbox 1342 1576 1374 1615; x_wconf 87' lang='lat' dir='ltr'>es</span> 
     </span>
     <span class='ocr_line' id='line_1_15' title="bbox 159 1650 1375 1725; baseline 0.003 -21"><span class='ocrx_word' id='word_1_141' title='bbox 159 1656 262 1704; x_wconf 86' lang='lat' dir='ltr'>mentio</span> <span class='ocrx_word' id='word_1_142' title='bbox 287 1651 327 1706; x_wconf 86' lang='lat' dir='ltr'>iit.</span> <span class='ocrx_word' id='word_1_143' title='bbox 366 1650 418 1705; x_wconf 87' lang='lat' dir='ltr'>Sed</span> <span class='ocrx_word' id='word_1_144' title='bbox 443 1669 492 1723; x_wconf 74' lang='lat' dir='ltr'>ego</span> <span class='ocrx_word' id='word_1_145' title='bbox 516 1656 607 1724; x_wconf 90' lang='lat' dir='ltr'>potius</span> <span class='ocrx_word' id='word_1_146' title='bbox 634 1653 715 1706; x_wconf 86' lang='lat' dir='ltr'>credo</span> <span class='ocrx_word' id='word_1_147' title='bbox 741 1657 766 1705; x_wconf 89' lang='lat' dir='ltr'>ei</span> <span class='ocrx_word' id='word_1_148' title='bbox 791 1651 930 1719; x_wconf 76' lang='lat' dir='ltr'>ncridere,</span> <span class='ocrx_word' id='word_1_149' title='bbox 960 1651 1033 1725; x_wconf 84' lang='lat' dir='ltr'>quod</span> <span class='ocrx_word' id='word_1_150' title='bbox 1059 1653 1146 1725; x_wconf 83' lang='lat' dir='ltr'>lupis,</span> <span class='ocrx_word' id='word_1_151' title='bbox 1175 1659 1221 1724; x_wconf 86' lang='lat' dir='ltr'>qui</span> <span class='ocrx_word' id='word_1_152' title='bbox 1252 1658 1375 1708; x_wconf 79' lang='lat' dir='ltr'>saevient</span> 
     </span>
     <span class='ocr_line' id='line_1_16' title="bbox 159 1744 1375 1815; baseline 0.002 -19"><span class='ocrx_word' id='word_1_153' title='bbox 159 1749 291 1808; x_wconf 75' lang='lat' dir='ltr'>maxime,</span> <span class='ocrx_word' id='word_1_154' title='bbox 317 1761 400 1815; x_wconf 86' lang='lat' dir='ltr'>quum</span> <span class='ocrx_word' id='word_1_155' title='bbox 426 1748 541 1796; x_wconf 83' lang='lat' dir='ltr'>maxime</span> <span class='ocrx_word' id='word_1_156' title='bbox 566 1749 696 1799; x_wconf 87' lang='lat' dir='ltr'>esuriunt.</span> <span class='ocrx_word' id='word_1_157' title='bbox 734 1747 802 1799; x_wconf 82' lang='lat' dir='ltr'>Nem</span> <span class='ocrx_word' id='word_1_158' title='bbox 827 1751 924 1798; x_wconf 84' lang='lat' dir='ltr'>misero</span> <span class='ocrx_word' id='word_1_159' title='bbox 950 1760 991 1798; x_wconf 91' lang='lat' dir='ltr'>est</span> <span class='ocrx_word' id='word_1_160' title='bbox 1012 1745 1132 1798; x_wconf 88' lang='lat' dir='ltr'>bominis</span> <span class='ocrx_word' id='word_1_161' title='bbox 1151 1744 1290 1811; x_wconf 80' lang='lat' dir='ltr'>conditio,</span> <span class='ocrx_word' id='word_1_162' title='bbox 1319 1765 1375 1800; x_wconf 89' lang='lat' dir='ltr'>oon</span> 
     </span>
     <span class='ocr_line' id='line_1_17' title="bbox 159 1836 1374 1911; baseline 0.002 -22"><span class='ocrx_word' id='word_1_163' title='bbox 159 1837 300 1902; x_wconf 80' lang='lat' dir='ltr'>habentis,</span> <span class='ocrx_word' id='word_1_164' title='bbox 317 1836 388 1889; x_wconf 90' lang='lat' dir='ltr'>trude</span> <span class='ocrx_word' id='word_1_165' title='bbox 406 1837 601 1907; x_wconf 33' lang='lat' dir='ltr'>suoslbonestc</span> <span class='ocrx_word' id='word_1_166' title='bbox 620 1837 690 1900; x_wconf 82' lang='lat' dir='ltr'>alat,</span> <span class='ocrx_word' id='word_1_167' title='bbox 715 1854 797 1909; x_wconf 85' lang='lat' dir='ltr'>enque</span> <span class='ocrx_word' id='word_1_168' title='bbox 817 1838 850 1890; x_wconf 87' lang='lat' dir='ltr'>de</span> <span class='ocrx_word' id='word_1_169' title='bbox 868 1851 949 1890; x_wconf 84' lang='lat' dir='ltr'>causa</span> <span class='ocrx_word' id='word_1_170' title='bbox 968 1842 1050 1889; x_wconf 83' lang='lat' dir='ltr'>etiem</span> <span class='ocrx_word' id='word_1_171' title='bbox 1070 1837 1257 1911; x_wconf 74' lang='lat' dir='ltr'>vitembergae</span> <span class='ocrx_word' id='word_1_172' title='bbox 1275 1844 1374 1892; x_wconf 88' lang='lat' dir='ltr'>misere</span> 
     </span>
     <span class='ocr_line' id='line_1_18' title="bbox 159 1915 1424 2002; baseline 0.003 -19"><span class='ocrx_word' id='word_1_173' title='bbox 159 1915 363 1994; x_wconf 68' lang='lat' dir='ltr'>irssceniis.**)</span> <span class='ocrx_word' id='word_1_174' title='bbox 401 1929 519 2001; x_wconf 81' lang='lat' dir='ltr'>Spiesitts</span> <span class='ocrx_word' id='word_1_175' title='bbox 541 1929 574 1980; x_wconf 89' lang='lat' dir='ltr'>od</span> <span class='ocrx_word' id='word_1_176' title='bbox 593 1947 636 1982; x_wconf 88' lang='lat' dir='ltr'>me</span> <span class='ocrx_word' id='word_1_177' title='bbox 655 1947 709 1982; x_wconf 87' lang='lat' dir='ltr'>non</span> <span class='ocrx_word' id='word_1_178' title='bbox 728 1935 810 1983; x_wconf 78' lang='lat' dir='ltr'>venit.</span> <span class='ocrx_word' id='word_1_179' title='bbox 837 1931 940 2000; x_wconf 50' lang='lat' dir='ltr'>¹Neque</span> <span class='ocrx_word' id='word_1_180' title='bbox 959 1946 1026 2002; x_wconf 86' lang='lat' dir='ltr'>opus</span> <span class='ocrx_word' id='word_1_181' title='bbox 1044 1946 1086 1984; x_wconf 91' lang='lat' dir='ltr'>est</span> <span class='ocrx_word' id='word_1_182' title='bbox 1110 1933 1190 1985; x_wconf 84' lang='lat' dir='ltr'>eain</span> <span class='ocrx_word' id='word_1_183' title='bbox 1208 1949 1236 1985; x_wconf 92' lang='lat' dir='ltr'>re</span> <span class='ocrx_word' id='word_1_184' title='bbox 1256 1931 1374 1995; x_wconf 87' lang='lat' dir='ltr'>consilio</span> <span class='ocrx_word' id='word_1_185' title='bbox 1401 1935 1424 1987; x_wconf 62' lang='lat' dir='ltr'><em>ss</em></span> 
     </span>
     <span class='ocr_line' id='line_1_19' title="bbox 158 2020 1413 2098; baseline 0.002 -23"><span class='ocrx_word' id='word_1_186' title='bbox 158 2041 231 2076; x_wconf 85' lang='lat' dir='ltr'>meo.</span> <span class='ocrx_word' id='word_1_187' title='bbox 269 2024 337 2098; x_wconf 73' lang='lat' dir='ltr'>Nom</span> <span class='ocrx_word' id='word_1_188' title='bbox 362 2026 450 2093; x_wconf 83' lang='lat' dir='ltr'>ipsum</span> <span class='ocrx_word' id='word_1_189' title='bbox 477 2020 557 2074; x_wconf 84' lang='lat' dir='ltr'>eredo</span> <span class='ocrx_word' id='word_1_190' title='bbox 581 2027 666 2089; x_wconf 77' lang='lat' dir='ltr'>scire,</span> <span class='ocrx_word' id='word_1_191' title='bbox 697 2021 892 2075; x_wconf 83' lang='lat' dir='ltr'>Gotsehediuur</span> <span class='ocrx_word' id='word_1_192' title='bbox 912 2041 959 2094; x_wconf 87' lang='lat' dir='ltr'>per</span> <span class='ocrx_word' id='word_1_193' title='bbox 978 2023 1171 2094; x_wconf 79' lang='lat' dir='ltr'>Magistratum</span> <span class='ocrx_word' id='word_1_194' title='bbox 1189 2023 1413 2085; x_wconf 79' lang='lat' dir='ltr'>seedemicum·&#39;·</span> 
     </span>
     <span class='ocr_line' id='line_1_20' title="bbox 159 2113 1374 2189; baseline 0.004 -22"><span class='ocrx_word' id='word_1_195' title='bbox 159 2113 320 2186; x_wconf 78' lang='lat' dir='ltr'>adigendum</span> <span class='ocrx_word' id='word_1_196' title='bbox 350 2131 423 2178; x_wconf 80' lang='lat' dir='ltr'>csse,</span> <span class='ocrx_word' id='word_1_197' title='bbox 459 2130 488 2167; x_wconf 88' lang='grc' dir='ltr'>ιιι</span> <span class='ocrx_word' id='word_1_198' title='bbox 517 2119 619 2167; x_wconf 85' lang='lat' dir='ltr'>iuratos</span> <span class='ocrx_word' id='word_1_199' title='bbox 647 2116 735 2180; x_wconf 82' lang='lat' dir='ltr'>dieat,</span> <span class='ocrx_word' id='word_1_200' title='bbox 771 2114 840 2168; x_wconf 84' lang='lat' dir='ltr'>unde</span> <span class='ocrx_word' id='word_1_201' title='bbox 868 2115 944 2170; x_wconf 91' lang='lat' dir='ltr'>illum</span> <span class='ocrx_word' id='word_1_202' title='bbox 962 2113 1083 2168; x_wconf 89' lang='lat' dir='ltr'>libellum</span> <span class='ocrx_word' id='word_1_203' title='bbox 1109 2121 1261 2189; x_wconf 75' lang='lat' dir='ltr'>occeperit,</span> <span class='ocrx_word' id='word_1_204' title='bbox 1296 2121 1374 2189; x_wconf 85' lang='lat' dir='ltr'>eique</span> 
     </span>
     <span class='ocr_line' id='line_1_21' title="bbox 158 2197 1427 2284; baseline 0.001 -23"><span class='ocrx_word' id='word_1_205' title='bbox 158 2208 212 2261; x_wconf 90' lang='lat' dir='ltr'>boc</span> <span class='ocrx_word' id='word_1_206' title='bbox 236 2197 362 2272; x_wconf 81' lang='lat' dir='ltr'>nomine,</span> <span class='ocrx_word' id='word_1_207' title='bbox 390 2205 460 2276; x_wconf 89' lang='lat' dir='ltr'>quod</span> <span class='ocrx_word' id='word_1_208' title='bbox 485 2212 636 2278; x_wconf 70' lang='lat' dir='ltr'>permiserit</span> <span class='ocrx_word' id='word_1_209' title='bbox 662 2207 777 2260; x_wconf 84' lang='lat' dir='ltr'>exscribi</span> <span class='ocrx_word' id='word_1_210' title='bbox 805 2212 891 2280; x_wconf 77' lang='lat' dir='ltr'>typis,</span> <span class='ocrx_word' id='word_1_211' title='bbox 917 2211 990 2277; x_wconf 78' lang='lat' dir='ltr'>aetio</span> <span class='ocrx_word' id='word_1_212' title='bbox 1014 2212 1175 2263; x_wconf 83' lang='lat' dir='ltr'>iniuriarum</span> <span class='ocrx_word' id='word_1_213' title='bbox 1194 2208 1374 2284; x_wconf 76' lang='lat' dir='ltr'>impingenda¹</span> <span class='ocrx_word' id='word_1_214' title='bbox 1424 2274 1427 2282; x_wconf 31' lang='grc' dir='ltr'>Ι</span> 
     </span>
     <span class='ocr_line' id='line_1_22' title="bbox 158 2290 1370 2447; baseline -0.002 -93"><span class='ocrx_word' id='word_1_215' title='bbox 158 2306 182 2354; x_wconf 90' lang='lat' dir='ltr'>si</span> <span class='ocrx_word' id='word_1_216' title='bbox 203 2299 268 2353; x_wconf 85' lang='lat' dir='ltr'>velis</span> <span class='ocrx_word' id='word_1_217' title='bbox 287 2317 350 2352; x_wconf 88' lang='lat' dir='ltr'>eum</span> <span class='ocrx_word' id='word_1_218' title='bbox 370 2299 477 2353; x_wconf 85' lang='lat' dir='ltr'>ulcisci.</span> <span class='ocrx_word' id='word_1_219' title='bbox 914 2290 972 2447; x_wconf 47' lang='lat' dir='ltr'>Q</span> <span class='ocrx_word' id='word_1_220' title='bbox 1368 2348 1370 2351; x_wconf 88' lang='lat'>.</span> 
     </span>
     <span class='ocr_line' id='line_1_23' title="bbox 233 2391 1375 2464; baseline 0.004 -19"><span class='ocrx_word' id='word_1_221' title='bbox 233 2391 347 2447; x_wconf 84' lang='lat' dir='ltr'>Codices</span> <span class='ocrx_word' id='word_1_222' title='bbox 379 2391 557 2458; x_wconf 69' lang='lat' dir='ltr'>Callimachi,</span> <span class='ocrx_word' id='word_1_223' title='bbox 588 2408 702 2462; x_wconf 87' lang='lat' dir='ltr'>quorem</span> <span class='ocrx_word' id='word_1_224' title='bbox 735 2391 896 2447; x_wconf 79' lang='lat' dir='ltr'>collationes</span> <span class='ocrx_word' id='word_1_225' title='bbox 962 2392 1069 2460; x_wconf 88' lang='lat' dir='ltr'>sidero,</span> <span class='ocrx_word' id='word_1_226' title='bbox 1102 2410 1165 2449; x_wconf 90' lang='lat' dir='ltr'>sont</span> <span class='ocrx_word' id='word_1_227' title='bbox 1193 2397 1314 2449; x_wconf 82' lang='lat' dir='ltr'>venetiis</span> <span class='ocrx_word' id='word_1_228' title='bbox 1345 2401 1375 2464; x_wconf 82' lang='lat' dir='ltr'>io</span> 
     </span>
     <span class='ocr_line' id='line_1_24' title="bbox 158 2480 1376 2560; baseline 0.003 -23"><span class='ocrx_word' id='word_1_229' title='bbox 158 2483 326 2538; x_wconf 78' lang='lat' dir='ltr'>bibliotheca</span> <span class='ocrx_word' id='word_1_230' title='bbox 344 2486 379 2539; x_wconf 90' lang='lat' dir='ltr'>D.</span> <span class='ocrx_word' id='word_1_231' title='bbox 397 2485 503 2548; x_wconf 78' lang='lat' dir='ltr'>Marci,</span> <span class='ocrx_word' id='word_1_232' title='bbox 535 2489 564 2537; x_wconf 92' lang='lat' dir='ltr'>io</span> <span class='ocrx_word' id='word_1_233' title='bbox 583 2480 805 2539; x_wconf 74' lang='lat' dir='ltr'>Ambrosirur&#39;et</span> <span class='ocrx_word' id='word_1_234' title='bbox 824 2491 852 2538; x_wconf 89' lang='lat' dir='ltr'>in</span> <span class='ocrx_word' id='word_1_235' title='bbox 870 2483 1050 2549; x_wconf 79' lang='lat' dir='ltr'>Florentinis;</span> <span class='ocrx_word' id='word_1_236' title='bbox 1073 2490 1097 2540; x_wconf 93' lang='lat' dir='ltr'>si</span> <span class='ocrx_word' id='word_1_237' title='bbox 1117 2487 1163 2540; x_wconf 84' lang='lat' dir='ltr'>bas</span> <span class='ocrx_word' id='word_1_238' title='bbox 1182 2506 1230 2560; x_wconf 85' lang='lat' dir='ltr'>per</span> <span class='ocrx_word' id='word_1_239' title='bbox 1249 2488 1289 2541; x_wconf 88' lang='grc' dir='ltr'>Τι</span> <span class='ocrx_word' id='word_1_240' title='bbox 1308 2504 1376 2541; x_wconf 88' lang='lat' dir='ltr'>con·</span> 
     </span>
     <span class='ocr_line' id='line_1_25' title="bbox 160 2566 1376 2650; baseline 0.002 -19"><span class='ocrx_word' id='word_1_241' title='bbox 160 2582 236 2648; x_wconf 79' lang='lat' dir='ltr'>sequi</span> <span class='ocrx_word' id='word_1_242' title='bbox 261 2593 383 2650; x_wconf 83' lang='lat' dir='ltr'>possem,</span> <span class='ocrx_word' id='word_1_243' title='bbox 410 2566 489 2648; x_wconf 78' lang='lat' dir='ltr'>louge</span> <span class='ocrx_word' id='word_1_244' title='bbox 511 2567 695 2648; x_wconf 76' lang='lat' dir='ltr'>gratissimum</span> <span class='ocrx_word' id='word_1_245' title='bbox 714 2575 794 2633; x_wconf 83' lang='lat' dir='ltr'>iores.</span> <span class='ocrx_word' id='word_1_246' title='bbox 833 2579 904 2633; x_wconf 86' lang='lat' dir='ltr'>Nolo</span> <span class='ocrx_word' id='word_1_247' title='bbox 924 2583 1011 2650; x_wconf 87' lang='lat' dir='ltr'>perire</span> <span class='ocrx_word' id='word_1_248' title='bbox 1029 2578 1232 2634; x_wconf 76' lang='lat' dir='ltr'>lucubrationes</span> <span class='ocrx_word' id='word_1_249' title='bbox 1253 2586 1376 2639; x_wconf 78' lang='lat' dir='ltr'>messio</span> 
     </span>
     <span class='ocr_line' id='line_1_26' title="bbox 160 2669 1374 2745; baseline 0.005 -23"><span class='ocrx_word' id='word_1_250' title='bbox 160 2670 235 2727; x_wconf 87' lang='lat' dir='ltr'>irunc</span> <span class='ocrx_word' id='word_1_251' title='bbox 258 2673 382 2743; x_wconf 81' lang='lat' dir='ltr'>po&#39;e&#39;tsm,</span> <span class='ocrx_word' id='word_1_252' title='bbox 410 2687 488 2742; x_wconf 88' lang='lat' dir='ltr'>quern</span> <span class='ocrx_word' id='word_1_253' title='bbox 513 2675 595 2723; x_wconf 83' lang='lat' dir='ltr'>etism</span> <span class='ocrx_word' id='word_1_254' title='bbox 618 2686 686 2744; x_wconf 84' lang='lat' dir='ltr'>novo</span> <span class='ocrx_word' id='word_1_255' title='bbox 712 2674 833 2724; x_wconf 83' lang='lat' dir='ltr'>versione</span> <span class='ocrx_word' id='word_1_256' title='bbox 858 2669 980 2725; x_wconf 79' lang='lat' dir='ltr'>donabo:</span> <span class='ocrx_word' id='word_1_257' title='bbox 1012 2687 1095 2742; x_wconf 83' lang='lat' dir='ltr'>esque</span> <span class='ocrx_word' id='word_1_258' title='bbox 1124 2676 1177 2725; x_wconf 87' lang='lat' dir='ltr'>isut</span> <span class='ocrx_word' id='word_1_259' title='bbox 1206 2688 1297 2745; x_wconf 83' lang='lat' dir='ltr'>persta</span> <span class='ocrx_word' id='word_1_260' title='bbox 1324 2688 1374 2728; x_wconf 91' lang='lat' dir='ltr'>est.</span> 
     </span>
     <span class='ocr_line' id='line_1_27' title="bbox 159 2762 1376 2837; baseline 0.002 -22"><span class='ocrx_word' id='word_1_261' title='bbox 159 2763 304 2828; x_wconf 79' lang='lat' dir='ltr'>Leidenses</span> <span class='ocrx_word' id='word_1_262' title='bbox 324 2762 501 2818; x_wconf 81' lang='lat' dir='ltr'>Graeviousm</span> <span class='ocrx_word' id='word_1_263' title='bbox 528 2778 672 2834; x_wconf 84' lang='lat' dir='ltr'>recoquere</span> <span class='ocrx_word' id='word_1_264' title='bbox 698 2762 806 2829; x_wconf 80' lang='lat' dir='ltr'>volunt,</span> <span class='ocrx_word' id='word_1_265' title='bbox 837 2768 1003 2837; x_wconf 87' lang='lat' dir='ltr'>cupiuntque</span> <span class='ocrx_word' id='word_1_266' title='bbox 1028 2779 1101 2817; x_wconf 86' lang='lat' dir='ltr'>meas</span> <span class='ocrx_word' id='word_1_267' title='bbox 1125 2779 1203 2818; x_wconf 84' lang='lat' dir='ltr'>notos</span> <span class='ocrx_word' id='word_1_268' title='bbox 1229 2781 1255 2820; x_wconf 92' lang='lat' dir='ltr'>et</span> <span class='ocrx_word' id='word_1_269' title='bbox 1275 2771 1376 2820; x_wconf 87' lang='lat' dir='ltr'>versio-</span> 
     </span>
     <span class='ocr_line' id='line_1_28' title="bbox 158 2853 1375 2928; baseline 0.003 -19"><span class='ocrx_word' id='word_1_270' title='bbox 158 2872 222 2909; x_wconf 86' lang='lat' dir='ltr'>nem</span> <span class='ocrx_word' id='word_1_271' title='bbox 242 2855 347 2927; x_wconf 70' lang='lat' dir='ltr'>sddere.</span> <span class='ocrx_word' id='word_1_272' title='bbox 386 2856 576 2928; x_wconf 83' lang='lat' dir='ltr'>Xenophontis</span> <span class='ocrx_word' id='word_1_273' title='bbox 597 2855 703 2924; x_wconf 80' lang='lat' dir='ltr'>libellos</span> <span class='ocrx_word' id='word_1_274' title='bbox 722 2872 789 2927; x_wconf 90' lang='lat' dir='ltr'>quos</span> <span class='ocrx_word' id='word_1_275' title='bbox 813 2855 902 2910; x_wconf 85' lang='lat' dir='ltr'>velitis</span> <span class='ocrx_word' id='word_1_276' title='bbox 921 2853 981 2924; x_wconf 78' lang='lat' dir='ltr'>etii,</span> <span class='ocrx_word' id='word_1_277' title='bbox 1007 2862 1112 2912; x_wconf 87' lang='lat' dir='ltr'>nescio.</span> <span class='ocrx_word' id='word_1_278' title='bbox 1149 2861 1218 2912; x_wconf 82' lang='lat' dir='ltr'>Nam</span> <span class='ocrx_word' id='word_1_279' title='bbox 1238 2857 1273 2910; x_wconf 83' lang='lat' dir='ltr'>ab</span> <span class='ocrx_word' id='word_1_280' title='bbox 1293 2863 1375 2913; x_wconf 88' lang='lat' dir='ltr'>initio</span> 
     </span>
     <span class='ocr_line' id='line_1_29' title="bbox 157 2946 1376 3020; baseline 0 -19"><span class='ocrx_word' id='word_1_281' title='bbox 157 2946 247 3001; x_wconf 86' lang='lat' dir='ltr'>nullos</span> <span class='ocrx_word' id='word_1_282' title='bbox 272 2946 349 3001; x_wconf 89' lang='lat' dir='ltr'>edere</span> <span class='ocrx_word' id='word_1_283' title='bbox 374 2948 462 3012; x_wconf 81' lang='lat' dir='ltr'>volui,</span> <span class='ocrx_word' id='word_1_284' title='bbox 491 2953 545 3002; x_wconf 89' lang='lat' dir='ltr'>nisi</span> <span class='ocrx_word' id='word_1_285' title='bbox 571 2953 616 3020; x_wconf 91' lang='lat' dir='ltr'>qul</span> <span class='ocrx_word' id='word_1_286' title='bbox 637 2967 683 3020; x_wconf 84' lang='lat' dir='ltr'>per</span> <span class='ocrx_word' id='word_1_287' title='bbox 707 2965 752 3000; x_wconf 89' lang='lat' dir='ltr'>rue</span> <span class='ocrx_word' id='word_1_288' title='bbox 769 2963 796 3001; x_wconf 94' lang='lat' dir='ltr'>et</span> <span class='ocrx_word' id='word_1_289' title='bbox 815 2947 946 3001; x_wconf 75' lang='lat' dir='ltr'>Baebium</span> <span class='ocrx_word' id='word_1_290' title='bbox 964 2948 1029 3002; x_wconf 87' lang='lat' dir='ltr'>editi</span> <span class='ocrx_word' id='word_1_291' title='bbox 1049 2965 1121 3003; x_wconf 89' lang='lat' dir='ltr'>suut.</span> <span class='ocrx_word' id='word_1_292' title='bbox 1157 2949 1234 3004; x_wconf 79' lang='lat' dir='ltr'>Alias</span> <span class='ocrx_word' id='word_1_293' title='bbox 1253 2955 1282 3003; x_wconf 90' lang='lat' dir='ltr'>iu</span> <span class='ocrx_word' id='word_1_294' title='bbox 1299 2950 1376 3019; x_wconf 85' lang='lat' dir='ltr'>nullo</span> 
     </span>
     <span class='ocr_line' id='line_1_30' title="bbox 158 3040 1375 3115; baseline 0.002 -21"><span class='ocrx_word' id='word_1_295' title='bbox 158 3045 291 3112; x_wconf 83' lang='lat' dir='ltr'>scriptore</span> <span class='ocrx_word' id='word_1_296' title='bbox 311 3040 417 3094; x_wconf 83' lang='lat' dir='ltr'>Graeco</span> <span class='ocrx_word' id='word_1_297' title='bbox 436 3040 564 3095; x_wconf 87' lang='lat' dir='ltr'>libentius</span> <span class='ocrx_word' id='word_1_298' title='bbox 583 3040 752 3110; x_wconf 77' lang='lat' dir='ltr'>laborarem,</span> <span class='ocrx_word' id='word_1_299' title='bbox 770 3055 851 3112; x_wconf 78' lang='lat' dir='ltr'>quem</span> <span class='ocrx_word' id='word_1_300' title='bbox 871 3045 900 3094; x_wconf 89' lang='lat' dir='ltr'>iu</span> <span class='ocrx_word' id='word_1_301' title='bbox 918 3040 1110 3115; x_wconf 79' lang='lat' dir='ltr'>Xenophonte.</span> <span class='ocrx_word' id='word_1_302' title='bbox 1137 3043 1233 3096; x_wconf 82' lang='lat' dir='ltr'>Passus</span> <span class='ocrx_word' id='word_1_303' title='bbox 1254 3062 1314 3097; x_wconf 90' lang='lat' dir='ltr'>sum</span> <span class='ocrx_word' id='word_1_304' title='bbox 1332 3061 1375 3097; x_wconf 89' lang='lat' dir='ltr'>ms</span> 
     </span>
     <span class='ocr_line' id='line_1_31' title="bbox 159 3131 1376 3210; baseline 0.003 -25"><span class='ocrx_word' id='word_1_305' title='bbox 159 3131 269 3197; x_wconf 85' lang='lat' dir='ltr'>induci,</span> <span class='ocrx_word' id='word_1_306' title='bbox 299 3146 330 3184; x_wconf 88' lang='grc' dir='ltr'>ιιι</span> <span class='ocrx_word' id='word_1_307' title='bbox 348 3131 439 3210; x_wconf 75' lang='lat' dir='ltr'>Taciti</span> <span class='ocrx_word' id='word_1_308' title='bbox 467 3148 529 3185; x_wconf 91' lang='lat' dir='ltr'>eum</span> <span class='ocrx_word' id='word_1_309' title='bbox 552 3133 638 3205; x_wconf 86' lang='lat' dir='ltr'>Lipsii</span> <span class='ocrx_word' id='word_1_310' title='bbox 665 3150 692 3186; x_wconf 89' lang='lat' dir='ltr'>et</span> <span class='ocrx_word' id='word_1_311' title='bbox 713 3134 844 3188; x_wconf 81' lang='lat' dir='ltr'>Gronovii</span> <span class='ocrx_word' id='word_1_312' title='bbox 868 3139 941 3187; x_wconf 88' lang='lat' dir='ltr'>uotis</span> <span class='ocrx_word' id='word_1_313' title='bbox 966 3131 1062 3189; x_wconf 83' lang='lat' dir='ltr'>edendi</span> <span class='ocrx_word' id='word_1_314' title='bbox 1086 3150 1178 3200; x_wconf 83' lang='lat' dir='ltr'>curant</span> <span class='ocrx_word' id='word_1_315' title='bbox 1203 3141 1376 3209; x_wconf 80' lang='lat' dir='ltr'>susciperem,</span> 
     </span>
     <span class='ocr_line' id='line_1_32' title="bbox 159 3209 1376 3309; baseline 0.002 -31"><span class='ocrx_word' id='word_1_316' title='bbox 159 3242 186 3278; x_wconf 91' lang='lat' dir='ltr'>et</span> <span class='ocrx_word' id='word_1_317' title='bbox 206 3209 409 3309; x_wconf 74' lang='lat' dir='ltr'>aliquid&#39;etlarn</span> <span class='ocrx_word' id='word_1_318' title='bbox 430 3221 462 3273; x_wconf 88' lang='lat' dir='ltr'>de</span> <span class='ocrx_word' id='word_1_319' title='bbox 481 3239 542 3276; x_wconf 87' lang='lat' dir='ltr'>meo</span> <span class='ocrx_word' id='word_1_320' title='bbox 561 3223 694 3277; x_wconf 78' lang='lat' dir='ltr'>sdtlerem.</span> <span class='ocrx_word' id='word_1_321' title='bbox 731 3225 838 3278; x_wconf 87' lang='lat' dir='ltr'>Nollem</span> <span class='ocrx_word' id='word_1_322' title='bbox 862 3223 980 3291; x_wconf 72' lang='lat' dir='ltr'>iactum,</span> <span class='ocrx_word' id='word_1_323' title='bbox 1011 3224 1132 3281; x_wconf 84' lang='lat' dir='ltr'>sednon</span> <span class='ocrx_word' id='word_1_324' title='bbox 1156 3233 1232 3300; x_wconf 88' lang='lat' dir='ltr'>potui</span> <span class='ocrx_word' id='word_1_325' title='bbox 1252 3234 1376 3281; x_wconf 88' lang='lat' dir='ltr'>resistere</span> 
     </span>
     <span class='ocr_line' id='line_1_33' title="bbox 159 3315 1376 3388; baseline 0.002 -19"><span class='ocrx_word' id='word_1_326' title='bbox 159 3320 318 3369; x_wconf 75' lang='lat' dir='ltr'>auctoritati</span> <span class='ocrx_word' id='word_1_327' title='bbox 344 3331 451 3385; x_wconf 79' lang='lat' dir='ltr'>eorum,</span> <span class='ocrx_word' id='word_1_328' title='bbox 483 3333 530 3388; x_wconf 86' lang='lat' dir='ltr'>per</span> <span class='ocrx_word' id='word_1_329' title='bbox 554 3331 620 3385; x_wconf 88' lang='lat' dir='ltr'>quos</span> <span class='ocrx_word' id='word_1_330' title='bbox 647 3317 674 3366; x_wconf 85' lang='lat' dir='ltr'>irl</span> <span class='ocrx_word' id='word_1_331' title='bbox 699 3331 715 3365; x_wconf 89' lang='lat' dir='ltr'>s</span> <span class='ocrx_word' id='word_1_332' title='bbox 741 3333 784 3367; x_wconf 87' lang='grc' dir='ltr'>ιιιι</span> <span class='ocrx_word' id='word_1_333' title='bbox 810 3315 959 3387; x_wconf 80' lang='lat' dir='ltr'>petebatur.</span> <span class='ocrx_word' id='word_1_334' title='bbox 996 3317 1102 3370; x_wconf 84' lang='lat' dir='ltr'>luteres</span> <span class='ocrx_word' id='word_1_335' title='bbox 1128 3323 1235 3371; x_wconf 83' lang='lat' dir='ltr'>venient</span> <span class='ocrx_word' id='word_1_336' title='bbox 1261 3316 1376 3372; x_wconf 79' lang='lat' dir='ltr'>sortasse</span> 
     </span>
     <span class='ocr_line' id='line_1_34' title="bbox 160 3405 1431 3487; baseline 0.002 -25"><span class='ocrx_word' id='word_1_337' title='bbox 160 3409 336 3462; x_wconf 78' lang='lat' dir='ltr'>Callimachis</span> <span class='ocrx_word' id='word_1_338' title='bbox 363 3405 484 3479; x_wconf 72' lang='lat' dir='ltr'>sebsidia</span> <span class='ocrx_word' id='word_1_339' title='bbox 513 3424 547 3460; x_wconf 81' lang='lat' dir='ltr'>es</span> <span class='ocrx_word' id='word_1_340' title='bbox 575 3406 663 3461; x_wconf 86' lang='lat' dir='ltr'>ltslis.</span> <span class='ocrx_word' id='word_1_341' title='bbox 700 3405 869 3479; x_wconf 86' lang='lat' dir='ltr'>Oposetrium</span> <span class='ocrx_word' id='word_1_342' title='bbox 896 3405 929 3460; x_wconf 88' lang='lat' dir='ltr'>de</span> <span class='ocrx_word' id='word_1_343' title='bbox 954 3412 1179 3487; x_wconf 82' lang='lat' dir='ltr'>interpretatione</span> <span class='ocrx_word' id='word_1_344' title='bbox 1202 3409 1237 3463; x_wconf 85' lang='lat' dir='ltr'>N.</span> <span class='ocrx_word' id='word_1_345' title='bbox 1262 3410 1295 3463; x_wconf 82' lang='lat' dir='ltr'>T.</span> <span class='ocrx_word' id='word_1_346' title='bbox 1320 3427 1377 3465; x_wconf 85' lang='lat' dir='ltr'>oon</span> <span class='ocrx_word' id='word_1_347' title='bbox 1428 3471 1431 3477; x_wconf 50' lang='grc'>,</span> 
     </span>
    </p>
   </div>
   <div class='ocr_carea' id='block_1_3' title="bbox 159 3551 467 3570">
    <p class='ocr_par' dir='ltr' id='par_1_3' title="bbox 159 3551 467 3570">
     <span class='ocr_line' id='line_1_35' title="bbox 159 3551 467 3570; baseline -0.006 0"><span class='ocrx_word' id='word_1_348' title='bbox 159 3551 467 3570; x_wconf 44' lang='grc' dir='ltr'>ψ*</span> 
     </span>
    </p>
   </div>
   <div class='ocr_carea' id='block_1_4' title="bbox 153 3642 1376 4463">
    <p class='ocr_par' dir='ltr' id='par_1_4' title="bbox 228 3642 1165 3850">
     <span class='ocr_line' id='line_1_36' title="bbox 228 3642 714 3708; baseline 0 -16"><span class='ocrx_word' id='word_1_349' title='bbox 228 3648 247 3703; x_wconf 75' lang='lat' dir='ltr'>t)</span> <span class='ocrx_word' id='word_1_350' title='bbox 266 3642 307 3693; x_wconf 87' lang='lat' dir='ltr'>ilie</span> <span class='ocrx_word' id='word_1_351' title='bbox 325 3649 346 3693; x_wconf 89' lang='lat' dir='ltr'>si</span> <span class='ocrx_word' id='word_1_352' title='bbox 364 3651 416 3708; x_wconf 80' lang='lat' dir='ltr'>quis</span> <span class='ocrx_word' id='word_1_353' title='bbox 433 3649 534 3708; x_wconf 73' lang='lat' dir='ltr'>toengini</span> <span class='ocrx_word' id='word_1_354' title='bbox 553 3646 714 3693; x_wconf 82' lang='lat' dir='ltr'>siseriberei.</span> 
     </span>
     <span class='ocr_line' id='line_1_37' title="bbox 499 3715 1039 3777; baseline 0 -15"><span class='ocrx_word' id='word_1_355' title='bbox 499 3716 546 3762; x_wconf 83' lang='lat' dir='ltr'>Hic</span> <span class='ocrx_word' id='word_1_356' title='bbox 563 3719 654 3776; x_wconf 73' lang='lat' dir='ltr'>nigrae</span> <span class='ocrx_word' id='word_1_357' title='bbox 672 3730 759 3762; x_wconf 78' lang='lat' dir='ltr'>succus</span> <span class='ocrx_word' id='word_1_358' title='bbox 776 3716 904 3777; x_wconf 71' lang='lat' dir='ltr'>loliginis,</span> <span class='ocrx_word' id='word_1_359' title='bbox 923 3715 984 3761; x_wconf 75' lang='lat' dir='ltr'>lese</span> <span class='ocrx_word' id='word_1_360' title='bbox 1000 3723 1039 3762; x_wconf 82' lang='lat' dir='ltr'>ssi</span> 
     </span>
     <span class='ocr_line' id='line_1_38' title="bbox 371 3781 1165 3850; baseline 0.001 -19"><span class='ocrx_word' id='word_1_361' title='bbox 371 3785 472 3846; x_wconf 77' lang='lat' dir='ltr'>Aerugo</span> <span class='ocrx_word' id='word_1_362' title='bbox 489 3800 558 3830; x_wconf 77' lang='lat' dir='ltr'>meru</span> <span class='ocrx_word' id='word_1_363' title='bbox 576 3811 607 3820; x_wconf 94' lang='lat'><em>-</em></span> <span class='ocrx_word' id='word_1_364' title='bbox 627 3792 681 3844; x_wconf 85' lang='lat' dir='ltr'>quoi</span> <span class='ocrx_word' id='word_1_365' title='bbox 699 3789 837 3844; x_wconf 80' lang='lat' dir='ltr'>quenlisqtre</span> <span class='ocrx_word' id='word_1_366' title='bbox 855 3787 987 3842; x_wconf 81' lang='lat' dir='ltr'>opprobriis</span> <span class='ocrx_word' id='word_1_367' title='bbox 1005 3781 1165 3850; x_wconf 63' lang='lat' dir='ltr'>excipereiorJl</span> 
     </span>
    </p>

    <p class='ocr_par' dir='ltr' id='par_1_5' title="bbox 153 3855 1376 4118">
     <span class='ocr_line' id='line_1_39' title="bbox 159 3855 1375 3911; baseline 0.003 -12"><span class='ocrx_word' id='word_1_368' title='bbox 159 3855 191 3900; x_wconf 82' lang='lat' dir='ltr'>El</span> <span class='ocrx_word' id='word_1_369' title='bbox 208 3859 291 3903; x_wconf 79' lang='lat' dir='ltr'>stret-ilo</span> <span class='ocrx_word' id='word_1_370' title='bbox 309 3857 419 3900; x_wconf 75' lang='lat' dir='ltr'>fortusse.</span> <span class='ocrx_word' id='word_1_371' title='bbox 456 3855 508 3899; x_wconf 83' lang='lat' dir='ltr'>Non</span> <span class='ocrx_word' id='word_1_372' title='bbox 531 3858 593 3900; x_wconf 88' lang='lat' dir='ltr'>euim</span> <span class='ocrx_word' id='word_1_373' title='bbox 616 3856 721 3900; x_wconf 80' lang='lat' dir='ltr'>homines</span> <span class='ocrx_word' id='word_1_374' title='bbox 745 3857 798 3899; x_wconf 89' lang='lat' dir='ltr'>illos</span> <span class='ocrx_word' id='word_1_375' title='bbox 822 3870 881 3899; x_wconf 90' lang='lat' dir='ltr'>uuoe</span> <span class='ocrx_word' id='word_1_376' title='bbox 906 3858 995 3911; x_wconf 85' lang='lat' dir='ltr'>peuiltrs</span> <span class='ocrx_word' id='word_1_377' title='bbox 1020 3857 1134 3901; x_wconf 82' lang='lat' dir='ltr'>novimus.</span> <span class='ocrx_word' id='word_1_378' title='bbox 1170 3857 1221 3900; x_wconf 80' lang='lat' dir='ltr'>nlir</span> <span class='ocrx_word' id='word_1_379' title='bbox 1245 3869 1327 3900; x_wconf 77' lang='lat' dir='ltr'>estrees</span> <span class='ocrx_word' id='word_1_380' title='bbox 1348 3859 1375 3903; x_wconf 84' lang='lat' dir='ltr'>tle</span> 
     </span>
     <span class='ocr_line' id='line_1_40' title="bbox 160 3923 1376 3982; baseline 0.002 -16"><span class='ocrx_word' id='word_1_381' title='bbox 160 3925 270 3968; x_wconf 77' lang='lat' dir='ltr'>Ernesiio</span> <span class='ocrx_word' id='word_1_382' title='bbox 296 3930 355 3968; x_wconf 80' lang='lat' dir='ltr'>iecie</span> <span class='ocrx_word' id='word_1_383' title='bbox 379 3923 540 3981; x_wconf 72' lang='lat' dir='ltr'>significentur</span> <span class='ocrx_word' id='word_1_384' title='bbox 566 3926 589 3968; x_wconf 86' lang='lat' dir='ltr'>iu</span> <span class='ocrx_word' id='word_1_385' title='bbox 613 3923 701 3968; x_wconf 78' lang='lat' dir='ltr'>neirlii</span> <span class='ocrx_word' id='word_1_386' title='bbox 729 3924 791 3968; x_wconf 86' lang='lat' dir='ltr'>libro</span> <span class='ocrx_word' id='word_1_387' title='bbox 817 3926 845 3968; x_wconf 90' lang='lat' dir='ltr'>tle</span> <span class='ocrx_word' id='word_1_388' title='bbox 871 3925 918 3968; x_wconf 72' lang='lat' dir='ltr'>sila</span> <span class='ocrx_word' id='word_1_389' title='bbox 944 3926 1015 3980; x_wconf 82' lang='lat' dir='ltr'>ipsius</span> <span class='ocrx_word' id='word_1_390' title='bbox 1043 3931 1103 3970; x_wconf 83' lang='lat' dir='ltr'>sein.</span> <span class='ocrx_word' id='word_1_391' title='bbox 1140 3924 1218 3982; x_wconf 82' lang='lat' dir='ltr'>Neqtts</span> <span class='ocrx_word' id='word_1_392' title='bbox 1245 3930 1320 3969; x_wconf 75' lang='lat' dir='ltr'>irenen</span> <span class='ocrx_word' id='word_1_393' title='bbox 1339 3925 1376 3970; x_wconf 85' lang='lat' dir='ltr'>bie</span> 
     </span>
     <span class='ocr_line' id='line_1_41' title="bbox 153 3994 1376 4053; baseline 0.007 -21"><span class='ocrx_word' id='word_1_394' title='bbox 153 3999 267 4045; x_wconf 76' lang='lat' dir='ltr'>repetere</span> <span class='ocrx_word' id='word_1_395' title='bbox 290 3997 353 4038; x_wconf 77' lang='lat' dir='ltr'>insol</span> <span class='ocrx_word' id='word_1_396' title='bbox 374 3994 508 4038; x_wconf 76' lang='lat' dir='ltr'>Arioslenrn</span> <span class='ocrx_word' id='word_1_397' title='bbox 530 3995 602 4047; x_wconf 81' lang='lat' dir='ltr'>illud,</span> <span class='ocrx_word' id='word_1_398' title='bbox 633 3995 699 4038; x_wconf 76' lang='lat' dir='ltr'>euius</span> <span class='ocrx_word' id='word_1_399' title='bbox 721 3994 745 4037; x_wconf 88' lang='lat' dir='ltr'>in</span> <span class='ocrx_word' id='word_1_400' title='bbox 763 3994 852 4038; x_wconf 70' lang='lat' dir='ltr'>neorii</span> <span class='ocrx_word' id='word_1_401' title='bbox 876 3999 899 4037; x_wconf 88' lang='lat' dir='ltr'>el</span> <span class='ocrx_word' id='word_1_402' title='bbox 918 3994 1077 4053; x_wconf 68' lang='lat' dir='ltr'>iiogsobeehil</span> <span class='ocrx_word' id='word_1_403' title='bbox 1101 3994 1206 4050; x_wconf 80' lang='lat' dir='ltr'>epistolis</span> <span class='ocrx_word' id='word_1_404' title='bbox 1229 3995 1376 4052; x_wconf 70' lang='lat' dir='ltr'>perlegendis</span> 
     </span>
     <span class='ocr_line' id='line_1_42' title="bbox 161 4062 658 4118; baseline -0.002 -11"><span class='ocrx_word' id='word_1_405' title='bbox 161 4075 328 4118; x_wconf 68' lang='lat' dir='ltr'>saepenumero</span> <span class='ocrx_word' id='word_1_406' title='bbox 347 4064 371 4107; x_wconf 90' lang='lat' dir='ltr'>in</span> <span class='ocrx_word' id='word_1_407' title='bbox 388 4068 490 4107; x_wconf 82' lang='lat' dir='ltr'>menietu</span> <span class='ocrx_word' id='word_1_408' title='bbox 506 4063 564 4107; x_wconf 81' lang='lat' dir='ltr'>mihi</span> <span class='ocrx_word' id='word_1_409' title='bbox 581 4062 658 4106; x_wconf 80' lang='lat' dir='ltr'>senil:</span> 
     </span>
    </p>

    <p class='ocr_par' dir='ltr' id='par_1_6' title="bbox 431 4126 962 4190">
     <span class='ocr_line' id='line_1_43' title="bbox 431 4126 962 4190; baseline -0.004 -15"><span class='ocrx_word' id='word_1_410' title='bbox 431 4129 469 4175; x_wconf 75' lang='lat' dir='ltr'>Ob</span> <span class='ocrx_word' id='word_1_411' title='bbox 485 4145 552 4190; x_wconf 78' lang='lat' dir='ltr'>gron</span> <span class='ocrx_word' id='word_1_412' title='bbox 570 4126 642 4175; x_wconf 67' lang='lat' dir='ltr'>boeti&amp;</span> <span class='ocrx_word' id='word_1_413' title='bbox 659 4129 696 4175; x_wconf 71' lang='grc' dir='ltr'>ἂι·</span> <span class='ocrx_word' id='word_1_414' title='bbox 713 4129 833 4174; x_wconf 75' lang='lat' dir='ltr'>cuoeiiers&#39;</span> <span class='ocrx_word' id='word_1_415' title='bbox 849 4129 962 4189; x_wconf 74' lang='lat' dir='ltr'>antiqui!</span> 
     </span>
    </p>

    <p class='ocr_par' dir='ltr' id='par_1_7' title="bbox 429 4195 895 4257">
     <span class='ocr_line' id='line_1_44' title="bbox 429 4195 895 4257; baseline -0.004 -13"><span class='ocrx_word' id='word_1_416' title='bbox 429 4198 500 4244; x_wconf 78' lang='lat' dir='ltr'>Ernn</span> <span class='ocrx_word' id='word_1_417' title='bbox 517 4200 606 4253; x_wconf 72' lang='lat' dir='ltr'>rivuli,</span> <span class='ocrx_word' id='word_1_418' title='bbox 625 4213 686 4243; x_wconf 81' lang='lat' dir='ltr'>eren</span> <span class='ocrx_word' id='word_1_419' title='bbox 703 4195 770 4257; x_wconf 77' lang='lat' dir='ltr'>dise</span> <span class='ocrx_word' id='word_1_420' title='bbox 788 4198 895 4252; x_wconf 78' lang='lat' dir='ltr'>ds&#39;vsrss&#39;,</span> 
     </span>
    </p>

    <p class='ocr_par' dir='ltr' id='par_1_8' title="bbox 431 4267 958 4328">
     <span class='ocr_line' id='line_1_45' title="bbox 431 4267 958 4328; baseline -0.004 -15"><span class='ocrx_word' id='word_1_421' title='bbox 431 4267 453 4313; x_wconf 79' lang='lat' dir='ltr'>ii</span> <span class='ocrx_word' id='word_1_422' title='bbox 470 4270 493 4312; x_wconf 85' lang='lat' dir='ltr'>ss&#39;</span> <span class='ocrx_word' id='word_1_423' title='bbox 510 4268 607 4312; x_wconf 81' lang='lat' dir='ltr'>seniinn</span> <span class='ocrx_word' id='word_1_424' title='bbox 624 4267 694 4328; x_wconf 80' lang='lat' dir='ltr'>degli</span> <span class='ocrx_word' id='word_1_425' title='bbox 710 4269 782 4326; x_wconf 77' lang='lat' dir='ltr'>‹esprs&#39;</span> <span class='ocrx_word' id='word_1_426' title='bbox 797 4268 863 4324; x_wconf 83' lang='lat' dir='ltr'>eolps&#39;</span> <span class='ocrx_word' id='word_1_427' title='bbox 878 4267 958 4326; x_wconf 71' lang='lat' dir='ltr'>iniprrs&#39;</span> 
     </span>
    </p>

    <p class='ocr_par' dir='ltr' id='par_1_9' title="bbox 429 4336 927 4395">
     <span class='ocr_line' id='line_1_46' title="bbox 429 4336 927 4395; baseline -0.006 -14"><span class='ocrx_word' id='word_1_428' title='bbox 429 4337 477 4382; x_wconf 84' lang='lat' dir='ltr'>Per</span> <span class='ocrx_word' id='word_1_429' title='bbox 494 4343 556 4381; x_wconf 80' lang='lat' dir='ltr'>iulio</span> <span class='ocrx_word' id='word_1_430' title='bbox 572 4339 599 4381; x_wconf 80' lang='lat' dir='ltr'>la</span> <span class='ocrx_word' id='word_1_431' title='bbox 613 4351 722 4395; x_wconf 78' lang='lat' dir='ltr'>persone</span> <span class='ocrx_word' id='word_1_432' title='bbox 739 4350 801 4381; x_wconf 80' lang='lat' dir='ltr'>osteo</span> <span class='ocrx_word' id='word_1_433' title='bbox 818 4336 927 4389; x_wconf 82' lang='lat' dir='ltr'>doiersi;</span> 
     </span>
    </p>

    <p class='ocr_par' dir='ltr' id='par_1_10' title="bbox 430 4404 1018 4463">
     <span class='ocr_line' id='line_1_47' title="bbox 430 4404 1018 4463; baseline 0.002 -14"><span class='ocrx_word' id='word_1_434' title='bbox 430 4404 452 4450; x_wconf 81' lang='grc' dir='ltr'><strong><em>Ε</em></strong></span> <span class='ocrx_word' id='word_1_435' title='bbox 466 4420 517 4463; x_wconf 82' lang='lat' dir='ltr'>pur</span> <span class='ocrx_word' id='word_1_436' title='bbox 536 4430 566 4440; x_wconf 93' lang='lat'>·-</span> <span class='ocrx_word' id='word_1_437' title='bbox 584 4429 617 4440; x_wconf 92' lang='lat'>-·</span> <span class='ocrx_word' id='word_1_438' title='bbox 887 4404 1018 4450; x_wconf 81' lang='lat' dir='ltr'>Osetntvs.</span> 
     </span>
    </p>
   </div>
   <div class='ocr_carea' id='block_1_5' title="bbox 104 4511 1377 4722">
    <p class='ocr_par' dir='ltr' id='par_1_11' title="bbox 104 4511 1377 4722">
     <span class='ocr_line' id='line_1_48' title="bbox 230 4511 1375 4568; baseline 0.001 -13"><span class='ocrx_word' id='word_1_439' title='bbox 230 4512 256 4565; x_wconf 77' lang='lat' dir='ltr'>”l</span> <span class='ocrx_word' id='word_1_440' title='bbox 285 4512 360 4555; x_wconf 82' lang='lat' dir='ltr'>Pudel</span> <span class='ocrx_word' id='word_1_441' title='bbox 377 4525 413 4556; x_wconf 85' lang='lat' dir='ltr'>ms</span> <span class='ocrx_word' id='word_1_442' title='bbox 432 4525 504 4567; x_wconf 76' lang='lat' dir='ltr'>poene</span> <span class='ocrx_word' id='word_1_443' title='bbox 522 4512 655 4555; x_wconf 81' lang='lat' dir='ltr'>Ernesiinrrt&#39;</span> <span class='ocrx_word' id='word_1_444' title='bbox 674 4511 788 4563; x_wconf 75' lang='lat' dir='ltr'>nomime,</span> <span class='ocrx_word' id='word_1_445' title='bbox 814 4512 882 4562; x_wconf 76' lang='lat' dir='ltr'>iniit,</span> <span class='ocrx_word' id='word_1_446' title='bbox 912 4511 934 4555; x_wconf 89' lang='lat' dir='ltr'>in</span> <span class='ocrx_word' id='word_1_447' title='bbox 953 4511 1036 4568; x_wconf 73' lang='lat' dir='ltr'>quibus</span> <span class='ocrx_word' id='word_1_448' title='bbox 1055 4512 1082 4555; x_wconf 86' lang='lat' dir='ltr'>tle</span> <span class='ocrx_word' id='word_1_449' title='bbox 1101 4511 1257 4556; x_wconf 80' lang='lat' dir='ltr'>eserienlibtts</span> <span class='ocrx_word' id='word_1_450' title='bbox 1276 4513 1375 4557; x_wconf 81' lang='lat' dir='ltr'>inimicis</span> 
     </span>
     <span class='ocr_line' id='line_1_49' title="bbox 104 4577 1377 4646; baseline 0.001 -22"><span class='ocrx_word' id='word_1_451' title='bbox 104 4630 112 4646; x_wconf 36' lang='grc'>1</span> <span class='ocrx_word' id='word_1_452' title='bbox 160 4581 327 4638; x_wconf 80' lang='lat' dir='ltr'>propemodum</span> <span class='ocrx_word' id='word_1_453' title='bbox 345 4582 444 4623; x_wconf 76' lang='lat' dir='ltr'>inelulur</span> <span class='ocrx_word' id='word_1_454' title='bbox 461 4581 498 4623; x_wconf 79' lang='lat' dir='ltr'>vir</span> <span class='ocrx_word' id='word_1_455' title='bbox 521 4581 606 4636; x_wconf 73' lang='lat' dir='ltr'>alioqui</span> <span class='ocrx_word' id='word_1_456' title='bbox 631 4593 741 4639; x_wconf 72' lang='lat' dir='ltr'>mugnus,</span> <span class='ocrx_word' id='word_1_457' title='bbox 772 4580 915 4624; x_wconf 73' lang='lat' dir='ltr'>describere,</span> <span class='ocrx_word' id='word_1_458' title='bbox 952 4578 1021 4633; x_wconf 80' lang='lat' dir='ltr'>„seri</span> <span class='ocrx_word' id='word_1_459' title='bbox 1037 4577 1087 4642; x_wconf 66' lang='lat' dir='ltr'>first</span> <span class='ocrx_word' id='word_1_460' title='bbox 1109 4581 1218 4635; x_wconf 78' lang='lat' dir='ltr'>iustitio,</span> <span class='ocrx_word' id='word_1_461' title='bbox 1249 4586 1377 4640; x_wconf 76' lang='lat' dir='ltr'>elpererii</span> 
     </span>
     <span class='ocr_line' id='line_1_50' title="bbox 160 4641 960 4722; baseline 0.004 -26"><span class='ocrx_word' id='word_1_462' title='bbox 160 4649 301 4718; x_wconf 63' lang='lat' dir='ltr'>mendss3ffl</span> <span class='ocrx_word' id='word_1_463' title='bbox 336 4649 454 4706; x_wconf 71' lang='lat' dir='ltr'>Tempore</span> <span class='ocrx_word' id='word_1_464' title='bbox 472 4650 512 4694; x_wconf 76' lang='lat' dir='ltr'>iiis</span> <span class='ocrx_word' id='word_1_465' title='bbox 529 4652 601 4696; x_wconf 75' lang='lat' dir='ltr'>leleus</span> <span class='ocrx_word' id='word_1_466' title='bbox 616 4650 723 4696; x_wconf 77' lang='lat' dir='ltr'>ierebeul</span> <span class='ocrx_word' id='word_1_467' title='bbox 741 4641 960 4722; x_wconf 50' lang='grc' dir='ltr'>μικροψυχίαν.</span> 
     </span>
    </p>
   </div>
   <div class='ocr_carea' id='block_1_6' title="bbox 0 0 1546 5182">
    <p class='ocr_par' dir='ltr' id='par_1_12' title="bbox 0 0 1546 5182">
     <span class='ocr_line' id='line_1_51' title="bbox 0 0 1546 5182; baseline 0 0"><span class='ocrx_word' id='word_1_468' title='bbox 0 0 1546 5182; x_wconf 95' lang='lat' dir='ltr'> </span> 
     </span>
    </p>
   </div>
  </div>
 </body>
</html>
