3066 5182
497 311 523 378 e.
546 317 589 368 ιο.
628 304 809 365 enarras
829 306 1023 370 ravanus.
1077 392 1080 396 Α
1311 317 1362 374 sai

153 447 225 503 Item
249 458 316 521 post
342 448 491 504 meridiem
512 467 528 503 a
551 445 654 505 balneo
676 447 822 504 cathedris
844 449 1055 515 consederunt,
1083 450 1186 507 deinde
1207 451 1220 507 ll
1239 451 1364 503 mathae

152 541 237 591 lamia
248 578 376 597 ......
390 543 532 596 cenatoria
559 538 623 596 alba
645 552 846 616 smupseruut,
875 553 904 599 et
925 543 956 598 in
977 540 1187 609 tricliniaribus
1210 541 1366 600 diambae<v

153 642 238 700 rant,
266 644 295 688 et
312 633 418 707 epulati
438 645 520 688 santa
549 635 617 689 item
636 635 719 707 pueri
743 633 755 690 t
785 640 898 704 ingenua·
915 636 1034 705 patrimi
1053 646 1082 690 et
1099 637 1241 702 matrimi,
1270 634 1363 692 Sena·

153 736 250 781 torum
272 726 353 790 Filii,
384 744 502 782 numero
522 727 588 781 llll.
617 728 646 782 iu
672 726 816 782 cathedris
840 726 1035 782 consederunt
1065 737 1093 782 et
1113 727 1220 801 epulati
1242 739 1319 783 sunt.
1348 729 1360 786 l

152 820 267 870 Fratres
292 817 411 873 Arvales
434 829 501 892 post
522 819 624 892 epulas
647 837 735 892 snper
761 817 899 875 toralibus
927 821 1113 894 segmentatis
1143 817 1361 886 discubuerunt,

153 921 182 969 et
211 922 292 977 ture,
327 913 395 968 rino
425 913 574 977 lecerunt,
616 922 645 967 et
675 931 728 986 per
759 930 866 987 pueros
899 922 1112 986 praetextatos,
1150 912 1162 968 ΙΙ
1197 914 1363 970 Senatorum

152 1002 259 1070 Filios,
291 1015 321 1059 ct
348 1002 484 1060 Publicos
512 1003 548 1061 ad
575 1003 666 1059 Aram
693 1005 892 1078 pertulerunt,
926 1015 954 1060 et
985 1015 1148 1079 urrguenta,
1182 1015 1211 1061 et
1237 1014 1376 1064 corouae'

154 1107 329 1170 aeceperunt
351 1106 379 1151 et
401 1099 430 1151 iu
451 1095 583 1152 mantelia
605 1096 617 1152 ll
634 1095 786 1167 jiecrnenta
808 1115 911 1153 rursus
935 1099 1130 1175 contigerunt.
1169 1091 1242 1155 Item
1263 1114 1363 1155 mense

152 1186 280 1244 secunda
301 1186 488 1245 hellariorum
514 1188 605 1244 divisa
633 1199 692 1253 cst,
727 1200 754 1244 et
780 1189 925 1263 sportulas
952 1199 1127 1263 acceperuut
1150 1185 1323 1251 Sacerdotes
1349 1189 1362 1247 l

154 1282 341 1356 Imperatoris
372 1283 470 1358 Arg„
504 1292 532 1337 et
563 1284 652 1336 ceteri
684 1280 876 1348 Sacerdotes,
912 1284 960 1359 qui
991 1268 1185 1356 suprascripti
1205 1268 1302 1346 sunt,
1336 1291 1366 1340 et

153 1393 253 1432 rosam
272 1375 394 1431 solutam
413 1375 584 1439 diviserunt,
607 1371 701 1450 ibique
722 1374 928 1431 FELICITER
945 1374 1089 1430 dixerunt.
1129 1373 1201 1431 Item
1216 1372 1283 1431 1111.
1298 1371 1362 1433 Ital,

152 1467 252 1524 lunias
277 1468 289 1524 ll
313 1470 343 1524 in
363 1468 443 1524 Luco
469 1468 546 1524 Deae
570 1467 640 1523 Diae
660 1467 792 1523 Alleaius
811 1467 965 1531 Avitianus
991 1468 1189 1541 Promagister
1210 1465 1247 1523 ad
1272 1466 1364 1529 Aram

154 1560 312 1617 immolarit
329 1561 467 1635 porcilias
491 1559 652 1635 piaculares
672 1560 708 1616 ΙΙ.
727 1560 800 1615 Luci
818 1559 1007 1636 coinqueudi‚
1036 1571 1065 1616 et
1084 1561 1181 1635 operis
1197 1559 1209 1616 il
1224 1557 1361 1627 iaciuudi,

153 1652 194 1710 ihi
212 1650 331 1710 vace'am
352 1655 538 1709 honorariam
563 1652 735 1720 immolarit,
764 1663 791 1709 ct
814 1653 880 1710 imle
907 1656 938 1710 in
961 1650 1114 1724 tetrastylo
1138 1670 1275 1710 reversus
1294 1649 1366 1711 σιὼ·

154 1747 243 1803 selliis
267 1745 414 1814 consedit,
443 1745 545 1801 deiude
568 1763 703 1801 reversus
728 1745 764 1801 ad
787 1746 878 1801 Aram
896 1746 907 1802 ll
929 1756 1010 1804 extas
1032 1743 1157 1803 reddidit
1179 1743 1362 1819 porciliares.

154 1840 227 1895 Item
248 1840 280 1895 in
297 1839 399 1905 Circo,
427 1840 458 1894 in
479 1837 574 1894 loculo
592 1849 729 1914 argenteo
752 1840 855 1912 cespiti
880 1848 983 1895 ornato
1006 1849 1102 1894 extam
1122 1840 1274 1894 vaccinam
1295 1835 1364 1895 red-

134 1932 243 1998 ,didit,
277 1943 305 1986 et
332 1933 363 1987 in
392 1931 543 2003 tetrastylo
576 1934 588 1986 ll
619 1949 755 1987 reversus
778 1941 838 1997 est,
873 1941 901 1987 et
922 1932 952 1985 in
975 1929 1074 1985 codiee
1100 1932 1192 1994 carit,
1226 1939 1255 1984 et
1276 1947 1364 2005 prae*

154 2031 262 2081 textam
281 2025 422 2098 deposuit,
445 2035 473 2079 et
495 2025 525 2078 iu
538 2024 683 2098 papilione
706 2042 758 2079 suo
778 2041 914 2079 reversus
937 2019 1013 2097 (ese.)
1045 2021 1224 2077 Promeridie
1240 2020 1363 2078 eutemil

153 2117 272 2174 Fratres
298 2116 421 2172 Arvales
449 2127 616 2189 praetextas
642 2127 833 2189 acceperuut,
862 2126 890 2170 et
913 2117 943 2170 iu
969 2112 1123 2186 tetrastylo
1151 2123 1361 2184 convenerunt,

156 2221 184 2266 et
202 2202 345 2266 subselliis
365 2210 575 2274 consederunt,
603 2219 631 2263 et
649 2219 788 2264 caverant
812 2209 824 2264 11
849 2226 880 2264 se
903 2207 1046 2274 adfuisse,
1067 2218 1095 2262 et
1115 2223 1231 2263 sacrum
1248 2205 1362 2271 iecisse,

155 2315 185 2361 et
210 2302 348 2378 porcilias
373 2301 535 2376 piaculares
564 2302 671 2376 epulati
697 2311 779 2368 suist,
808 2311 837 2356 et
864 2319 1012 2375 sanguem.
1057 2300 1162 2355 Postea
1188 2297 1253 2354 iude
1278 2314 1371 2375 prae-.

155 2398 257 2454 testati
281 2400 292 2455 ΙΙ
317 2398 410 2470 capite
430 2394 538 2460 velato,
567 2395 646 2448 vittis
668 2395 774 2468 spiceis
797 2395 929 2449 cocorrati
948 2392 1060 2448 Lucum
1078 2390 1308 2456 adscenderunt,
1336 2399 1366 2445 et

155 2507 209 2564 per
227 2488 362 2544 Alfenum
381 2488 404 2542 A
412 2485 550 2542 vitianum
569 2487 801 2560 Promagistrmn
821 2504 925 2563 aguam
945 2485 957 2542 ΙΙ
982 2486 1108 2559 opimam
1132 2482 1368 2548 immolaverunt,

156 2592 184 2638 et
207 2582 318 2636 hostiae
343 2579 502 2635 litationem
527 2581 726 2654 inspexerunt.
766 2580 899 2635 Perfecto
930 2575 1076 2634 sacrificio
1107 2594 1207 2634 omnes
1240 2587 1305 2631 ture
1337 2585 1367 2630 et

157 2676 225 2730 vino
250 2674 397 2739 lecerunt,
426 2671 529 2728 deinde
557 2672 568 2728 ll
596 2674 760 2728 reversim
786 2671 895 2728 Aedem
917 2674 946 2727 in
972 2689 1071 2726 irreiasa
1097 2687 1213 2726 sacrum
1235 2669 1367 2725 lecerunt

156 2767 236 2833 ollis,
270 2777 299 2822 et
326 2777 392 2821 ante
414 2765 524 2820 Aedem
552 2767 583 2821 in
605 2768 714 2842 cespite
736 2765 934 2841 Promagister
959 2775 987 2820 et
1005 2763 1123 2820 Flamen
1150 2779 1267 2816 sacrum
1288 2760 1366 2815 fece-

155 2870 234 2916 runt.
264 2859 276 2916 ΙΙ
305 2858 378 2913 Item
398 2859 477 2914 loras
502 2856 538 2914 ud
558 2859 648 2917 Aram
670 2860 782 2914 reversi
803 2859 955 2913 thesauros
977 2856 1128 2912 dederuut.
1168 2852 1241 2909 Item
1259 2850 1366 2929 llameu

154 2964 183 3010 et
195 2954 392 3028 Promagister
405 2953 532 3026 scyphos
546 2961 698 3028 argenteos
715 2969 781 3007 cum
796 2951 944 3024 sumpuris
964 2946 1027 3023 (sic)
1044 2948 1055 3005 ll
1071 2949 1140 3005 vino
1160 2946 1280 3020 repletis
1298 2954 1366 3003 aute
1399 3007 1402 3015 ,

154 3048 276 3112 ostium,
304 3044 367 3120 (et)
396 3063 513 3100 acerras
541 3042 700 3119 (ferentes)
728 3055 791 3099 ture
816 3054 845 3098 et
864 3045 932 3097 vino
951 3043 1097 3107 iecerunt,
1126 3049 1154 3095 et
1172 3048 1239 3095 ante
1258 3038 1366 3094 osunm

147 3140 334 3203 restiterunt,
356 3148 385 3193 ct
406 3137 463 3193 duo
483 3136 519 3192 ad
538 3137 636 3211 fruges
649 3135 787 3210 petendas
803 3134 814 3193 ΙΙ
831 3153 896 3191 cum
914 3133 1041 3190 Publicis
1062 3132 1247 3189 descidernnt
1258 3128 1324 3204 (stc)
1339 3139 1367 3185 et

155 3233 268 3289 reversi
292 3230 392 3286 dextra
419 3229 576 3295 dederant,
602 3227 684 3283 laeva
709 3237 898 3302 receperunt,
927 3227 1029 3283 deinde
1055 3226 1091 3281 ad
1117 3225 1288 3281 alterutrum
1309 3218 1367 3278 sibi

154 3323 353 3390 reddiderant,
378 3323 390 3379 ll
414 3332 443 3377 et
465 3320 592 3377 Publicis
613 3320 712 3394 finges
735 3319 936 3375 tradiderunt:
964 3318 1067 3374 deinde
1089 3319 1119 3371 in
1141 3316 1252 3372 Aedem
1274 3317 1368 3371 iutra·

155 3427 276 3483 verunt,
312 3427 341 3471 et
368 3414 439 3470 ollas
467 3415 577 3489 precati
608 3423 690 3478 suat,
728 3422 756 3466 et
783 3411 866 3468 ostiis
897 3411 1006 3485 apertis
1033 3428 1087 3484 per
1115 3408 1222 3464 clivum
1251 3409 1367 3466 iacllue-

155 3521 240 3574 rnnt3
267 3507 371 3564 deinde
394 3505 537 3563 subselliis
560 3507 730 3560 marmoreis
755 3503 965 3568 consedernnt;
993 3513 1021 3558 ct
1039 3519 1129 3577 panes
1148 3500 1293 3557 laureatos
1311 3516 1367 3574 pec
1414 3508 1416 3512 '

145 3601 291 3661 -I'nblicos
312 3602 413 3676 partiti
434 3609 517 3665 suat,
546 3598 585 3655 ibi
607 3615 707 3654 omnes
728 3595 892 3653 lumemnlia
917 3597 929 3653 ll
954 3613 1020 3650 cmn
1041 3594 1150 3666 rapinis
1178 3599 1364 3665 acceperunt,

156 3707 185 3752 et
202 3696 278 3753 Deos
296 3703 564 3771 unguentarerunt,
588 3702 616 3747 et
634 3691 729 3748 Aedes
749 3691 828 3747 elusa
848 3700 907 3755 est,
936 3704 1036 3751 omues
1054 3686 1126 3742 ioris
1146 3686 1297 3739 exierunt:
1324 3679 1366 3738 ihi
1397 3748 1402 3755 Ι

157 3787 329 3846 Sacerdotes
354 3787 365 3844 ll
391 3786 462 3842 clusi
484 3786 642 3851 succincti,
661 3782 765 3839 libellis
787 3784 931 3857 acceptis„
952 3795 1070 3838 carmen
1091 3776 1293 3834 descindentes
1310 3775 1366 3831 tri-

155 3882 337 3957 podaverunt
363 3880 393 3934 in
420 3876 508 3934 verba
537 3879 624 3932 haece
656 3876 737 3933 Enos
761 3875 852 3931 Lases
877 3877 972 3930 iuvate
1000 3873 1011 3928 ΙΙ
1039 3872 1119 3928 Enos
1142 3870 1232 3926 Lases
1259 3870 1365 3934 iuvate,

156 3975 235 4031 Enos
253 3974 345 4030 Lases
365 3974 470 4027 iuvate.
509 3970 589 4026 Neve
612 3969 742 4025 Luaerre
762 3966 915 4042 marmio)
932 3969 993 4022 sius
1020 3966 1171 4021 incurrere
1194 3963 1225 4018 in
1240 3962 1364 4039 pleores.

157 4085 229 4123 neve
254 4066 367 4122 Lucrve
394 4063 522 4120 hlarmar
549 4064 560 4119 ll
588 4068 647 4117 ains
670 4063 820 4117 incurrere
843 4064 873 4116 in
887 4060 1020 4135 pharis,
1056 4076 1127 4113 neve
1149 4055 1264 4112 Luerrc
1288 4053 1368 4111 blar-

156 4178 220 4215 mar
249 4176 311 4213 sera
338 4159 489 4214 incurrere
520 4157 550 4212 iu
573 4154 693 4229 pleoris.
733 4152 822 4210 Satur
847 4155 944 4209 lucere
967 4151 1048 4208 Mars
1075 4151 1163 4205 limen
1183 4148 1205 4206 ’11
1237 4149 1296 4204 sale
1324 4158 1368 4204 sta

155 4249 278 4316 herber,
312 4261 393 4306 satur
416 4250 508 4305 tmere
530 4246 611 4304 hlars
634 4248 721 4303 limen
747 4245 799 4301 sali
827 4257 870 4301 sta
893 4243 1016 4312 herber,
1051 4241 1141 4299 Satur
1156 4242 1258 4297 'iniere
1279 4239 1368 4298 Mers

155 4344 243 4400 limen
266 4343 320 4399 sali
344 4353 388 4398 sta
413 4340 529 4417 herber.
561 4341 572 4397 ΙΙ
601 4341 728 4393 Semunis
751 4338 871 4394 alternei
891 4337 1045 4410 advocapit
1067 4345 1205 4400 coactos,
1234 4332 1368 4391 Semunis

156 4439 278 4494 alternei
288 4428 440 4510 advocapit
453 4445 582 4498 cunctos,
595 4430 723 4490 Simuuis
734 4431 857 4505 alteruip
866 4429 930 4504 (sic)
944 4429 1098 4503 advocepit
1110 4428 1123 4485 ΙΙ
1135 4437 1257 4484 coactos.
1289 4426 1368 4482 Enos

156 4531 288 4587 hlarmor
307 4531 420 4593 iurato,
447 4527 527 4585 Enos
545 4525 677 4582 Marmor
697 4527 811 4587 iurato,
839 4524 919 4579 Eros
939 4522 1053 4578 blamor
1071 4523 1179 4577 iurato.
1219 4520 1368 4591 'I'riumpe,
1436 4527 1441 4536 ·

155 4625 312 4698 Triumpe,
347 4622 501 4694 Triumpc‚
529 4618 698 4690 Triumllpe,
731 4623 864 4690 triumpe.
904 4618 976 4677 I'ost
1007 4614 1233 4689 tripodationcm
1267 4610 1369 4665 deiude
