3066 5182
229 278 231 282 ’
294 295 334 361 u
703 295 1093 362 reserante

293 463 464 546 confugere
493 475 673 546 cogeretur.
730 461 1001 545 Palaeographiae
1037 472 1138 524 antem
1182 463 1380 524 vehementer
1411 465 1509 527 doleo

292 574 405 637 mdlam
427 574 666 637 fenerationem
689 596 707 636 a
728 594 776 635 me
798 573 907 634 haberi
929 573 1089 654 potuisse,
1115 593 1180 634 cam
1203 576 1245 634 ob
1261 594 1395 647 causam,
1419 577 1509 656 quod

291 687 418 746 deerant
441 684 507 764 typi
528 683 635 746 idonei
657 687 696 746 ad
717 705 811 746 nexas
834 683 900 747 sive
922 683 1033 767 ligatas
1051 680 1247 764 potissimum
1262 683 1367 746 literas
1381 684 1508 747 imitan-

291 798 363 868 das,
388 816 445 856 nec
468 795 568 857 libero
591 794 706 858 homini
729 794 879 858 Helvetio
901 794 1014 878 regalis
1035 794 1136 877 aliqua
1159 794 1365 857 munificentia
1387 797 1506 858 subve-

290 905 410 979 niebat,
446 926 545 987 neque
574 904 605 966 iu
628 906 711 968 dubii
733 906 835 968 exitus
856 905 1011 986 inceptum
1034 904 1143 966 nimios
1165 915 1305 986 stunptus
1328 917 1361 967 nt
1382 905 1506 986 impen-

289 1016 375 1076 deret
392 1015 628 1079 honestissimus
649 1018 841 1098 redemptor,
866 1038 935 1079 meo
950 1017 1017 1078 iure
1032 1017 1193 1096 postulare
1208 1027 1361 1096 poteram.
1399 1019 1506 1080 Nemo

288 1124 384 1207 igitur
406 1129 462 1187 bae
486 1128 524 1188 de
545 1148 580 1188 re
602 1148 719 1189 meeum
742 1127 861 1210 litiget,
886 1128 936 1189 rel
959 1129 1037 1189 adeo
1061 1126 1258 1209 digladietur.
1302 1129 1375 1189 Non
1398 1128 1506 1207 potui,

287 1235 423 1317 inquam.
470 1239 520 1298 'l'u
536 1237 561 1298 si
579 1240 740 1317 potueris,
765 1260 826 1322 ego
840 1239 985 1320 plaudam
1000 1259 1069 1299 cnm
1088 1236 1208 1317 primis.
1252 1239 1377 1300 Utinam
1399 1249 1505 1299 autem

287 1325 425 1424 placeret
446 1347 591 1428 Koppio,
610 1349 655 1408 V.
672 1347 739 1422 Cl.,
756 1349 806 1410 cui
821 1349 851 1410 in
865 1349 925 1410 boc
940 1369 1054 1432 genere
1070 1369 1175 1410 omnes
1191 1369 1269 1409 nttnc
1284 1349 1399 1427 primas
1415 1350 1503 1412 dele-

286 1469 376 1530 runt,
399 1458 448 1520 rel
461 1458 610 1540 integram
621 1459 884 1542 palaeographiae
896 1459 987 1521 etiam
1000 1457 1132 1520 Latinae
1144 1458 1315 1520 doctrinam
1328 1480 1502 1540 exponere,

285 1569 335 1629 vel
358 1568 494 1629 eiusdem
517 1569 623 1630 saltem
650 1569 866 1652 compendium
895 1568 1083 1632 discentibus
1106 1569 1271 1634 exhibere!
1330 1572 1397 1632 Nee
1419 1591 1503 1639 vero

285 1678 379 1740 bodie
401 1690 475 1759 post
495 1679 753 1761 lithographicatn
776 1692 872 1747 artem
894 1680 1048 1749 inventam
1071 1701 1122 1742 res
1140 1692 1186 1741 est
1201 1680 1289 1743 nimis
1305 1691 1503 1761 sumptuosa,

286 1787 421 1872 ideoque
443 1788 570 1851 eruditis
586 1788 762 1853 homiuibus
779 1793 942 1873 denegata.
986 1791 1140 1854 Libenter
1155 1791 1295 1873 equidem
1312 1791 1360 1853 rel
1376 1801 1503 1853 eentum

284 1899 403 1961 tabulas
437 1898 684 1982 lithographieas
716 1900 799 1964 libro
830 1922 901 1964 meo
934 1902 1082 1984 subiungi
1116 1923 1294 1976 curassem,
1332 1904 1501 1964 dummodo

283 2009 429 2075 licuisset.

366 2122 450 2185 Meis
469 2135 570 2187 antem
592 2123 624 2186 in
643 2124 894 2191 adnotationibus
909 2123 1144 2187 conseribendis
1160 2123 1501 2207 Hagcnbucbianisque

282 2234 487 2314 excerpendis
510 2234 657 2299 brevitati
679 2236 815 2301 maximo
838 2256 935 2315 opere
957 2234 1076 2308 studui,
1110 2233 1167 2296 nisi
1194 2234 1246 2295 ubi
1267 2256 1317 2296 res
1345 2234 1439 2315 ipsa,
1464 2246 1501 2298 ut

283 2343 375 2404 latius
397 2344 585 2426 aliquantum
608 2345 818 2424 exspatiarer,
853 2347 1015 2407 studeret:
1052 2343 1268 2425 inscriptiones
1297 2345 1376 2407 enim
1404 2366 1499 2427 quam

279 2453 429 2532 plurumas
452 2453 482 2513 in
505 2452 691 2534 compendio
713 2453 831 2515 licitum
853 2464 953 2528 esset,
977 2474 1039 2517 non
1064 2475 1140 2516 vero
1162 2456 1399 2518 commentarios
1422 2457 1498 2518 dare

280 2562 513 2624 constitueram.
582 2564 650 2642 Qua
688 2563 720 2626 in
755 2585 790 2626 re
829 2563 855 2626 si
893 2564 968 2647 quid
1006 2575 1166 2646 peccatum
1202 2577 1265 2640 est,
1304 2568 1423 2628 abunde
1449 2565 1497 2640 id,

280 2671 415 2752 opinor,
447 2672 698 2754 compensabitur
725 2675 896 2755 appendice
926 2675 1040 2749 altera,
1076 2675 1234 2739 variorum
1257 2676 1405 2757 epistolas
1427 2676 1498 2756 epi-

280 2782 445 2865 graphicas
468 2784 664 2859 continente,
688 2807 784 2868 quas,
808 2788 865 2847 bac
887 2785 997 2849 edendi
1018 2785 1250 2868 opportunitate
1272 2788 1355 2848 haud
1376 2787 1496 2861 oblata,

280 2895 442 2956 diuturnae
460 2896 608 2979 tenebrae
628 2894 658 2956 in
680 2906 840 2976 posterum
857 2917 983 2980 qttoqtte
997 2896 1197 2977 pressissent.
1242 2897 1497 2977 'l'ypotbetarum

280 3004 447 3084 specimina
465 3005 552 3086 ipse,
579 3016 690 3088 quater
708 3005 850 3089 singula,
877 3006 1049 3070 emendari.
1092 3009 1231 3070 Errores
1256 3007 1391 3088 aliquot,
1421 3027 1498 3087 per·

279 3137 397 3195 paitcos
419 3128 533 3193 tamen,
556 3117 602 3180 sic
622 3138 748 3201 meoque
769 3118 962 3192 remansisse,
980 3138 1134 3199 nunquam
1150 3119 1286 3199 negabo.
1317 3119 1379 3179 Sed
1392 3118 1498 3178 nullus

278 3227 477 3305 publicorum
501 3248 664 3293 censorum
685 3231 833 3310 (quorum
850 3227 1004 3310 benignus
1026 3247 1106 3288 nttne
1128 3237 1175 3288 est
1195 3229 1353 3298 numerus)
1376 3226 1496 3290 erroris

278 3357 326 3398 me
345 3349 507 3412 accttsato,
528 3348 690 3421 autequam
708 3337 808 3403 libros
824 3359 948 3413 omnes,
972 3358 1105 3419 quorum
1125 3336 1340 3400 anactoritatem
1362 3336 1496 3418 singulis

277 3446 308 3508 in
327 3447 404 3510 loeis
425 3448 529 3521 laudo,
553 3470 619 3529 tpse
632 3448 815 3531 inspexerit.
859 3447 983 3512 Etenim
1002 3447 1085 3523 seio,
1109 3468 1156 3510 me
1175 3457 1206 3509 et
1223 3457 1368 3509 accurate
1385 3447 1495 3509 titulos

277 3559 526 3639 transcripsisse,
560 3571 591 3623 et
623 3562 750 3636 sedulo,
787 3571 822 3624 ut
853 3558 947 3623 officii
978 3558 1038 3625 mei
1069 3569 1155 3634 erat,
1190 3577 1296 3622 omnes
1323 3557 1444 3620 tabulas
1474 3578 1495 3620 a

273 3671 450 3751 -typothetis
468 3670 540 3734 mibi
558 3671 666 3734 missas
685 3671 876 3734 correxisse.

359 3783 523 3863 Apparatu
537 3794 638 3845 atttcm
653 3781 923 3867 Hagenbnchiauo
941 3779 1116 3851 accuratius
1133 3801 1150 3840 r
1226 3776 1299 3854 sito,
1323 3776 1491 3852 librorum,

275 3891 387 3974 quibus
409 3904 572 3972 praeterea
592 3915 666 3957 usus
688 3914 776 3965 sum,
799 3890 930 3953 indicem
950 3911 1020 3959 enm
1042 3798 1265 3953 drrmniffob
1287 3888 1379 3950 finem
1401 3888 1492 3950 exhi-

274 4002 362 4076 beo,
379 4012 412 4063 ut
434 4013 465 4064 et
486 4013 604 4075 notae,
620 4003 731 4085 qttibus
753 4002 894 4085 singulos
916 3999 1096 4084 designavi,
1122 3997 1243 4060 laeilius
1265 3997 1489 4080 intelligantur,

273 4121 317 4184 et,
340 4110 395 4195 qui
416 4111 489 4173 mihi
510 4113 611 4173 adbuc
632 4112 804 4186 defuerint,
827 4110 930 4173 statim
952 4109 1121 4173 lectoribus
1143 4120 1303 4190 appareat.
1402 4132 1405 4138 ⁴

334 4275 503 4333 'scribebam
522 4275 617 4330 Turdei
638 4281 703 4351 ipsis
724 4276 854 4331 Kalendis
874 4278 1005 4329 Ianuariis
1026 4276 1067 4329 Μ.
1085 4274 1190 4328 DCCC.
1209 4274 1329 4328 xxvtt.

675 4480 1104 4509 ⁷«--—·-==-q--—=-·
