3066 5182
498 303 522 369 e.
545 306 588 357 ιο.
626 282 805 359 amsans
824 264 1018 358 unvanus.
1303 312 1367 368 ‘ssa

152 449 202 482 cae
226 390 240 486 l
263 430 406 498 Vaccam,
433 429 509 487 Divo
529 431 663 505 Augusto
683 428 793 487 Bovem
813 432 940 504 marein,
967 430 1057 487 Divae
1081 433 1094 490 ll
1118 434 1266 511 Augustae
1288 432 1366 492 Vae-

153 540 226 578 cam.
253 553 283 565 ·-
323 524 431 580 Marini
450 526 517 576 Am·
536 543 566 598 p.
582 522 659 580 CXI.

224 657 307 713 2268.
343 653 388 708 Ex
415 651 488 708 Tab.
514 651 594 708 XLI.
625 650 655 708 b.
694 652 827 710 Precatio
857 645 1066 727 cooptationis.
1097 655 1109 712 t
1142 652 1228 728 Quoel
1257 620 1367 717 bonum

152 744 278 800 inustum
304 745 373 800 felix
400 745 574 800 fortunatum
599 747 771 818 salietareqm·
799 748 837 801 sit
863 747 1037 820 Imperatori
1067 747 1152 804 Caes.
1176 747 1244 804 Divi
1266 749 1367 829 Magni

151 837 295 894 Antonini
316 835 391 903 filio,
419 835 486 892 Divi
506 836 608 893 Severi
628 837 753 912 Nepoti,
781 837 822 894 M.
842 839 963 896 Aurelio
988 840 1000 897 ll
1024 841 1176 896 Antonino
1197 841 1251 898 Plo
1271 842 1363 902 Felici

152 926 229 1008 Aug.
255 930 341 985 Pont.
374 930 452 985 Max.
477 927 561 985 Trib.
583 929 648 985 Pot.
673 930 808 996 ConsnIi,
842 932 923 988 Patri
943 931 1078 999 Patriae,
1112 933 1303 1002 Proconsuli,
1337 946 1366 994 et

152 1023 241 1079 Iuliae
261 1021 376 1078 Maesae
395 1023 558 1098 Augustae,
589 1023 681 1078 Aviae
701 1023 826 1099 Augusti
847 1025 957 1089 nostri,
984 1027 1096 1101 totique
1121 1025 1133 1082 ll
1156 1025 1263 1084 Domui
1289 1027 1364 1087 divi-

153 1133 208 1171 nae
231 1133 348 1182 eormn,
373 1116 510 1181 Senatui,
530 1114 867 1191 PopnquueIIomano,
889 1114 1071 1187 Quiritibus,
1093 1115 1246 1174 Fratribus
1268 1118 1365 1177 Arva·

153 1206 245 1275 Iibus,
277 1205 467 1282 parentibus,
500 1206 619 1273 liberis,
654 1206 882 1284 coniugibusque
905 1211 1035 1274 nostris,
1069 1209 1203 1266 Fratrem
1227 1211 1367 1270 Arvalem

158 1340 285 1355 ......
317 1301 525 1375 Imperatorem
556 1300 639 1356 Caes.
670 1299 711 1356 Μ.
743 1300 886 1356 Aurelium
918 1302 1097 1357 Antoninum
1127 1302 1211 1358 Pium
1240 1304 1366 1362 Felicem

155 1391 232 1468 Aug.
251 1392 396 1468 Collegam
410 1389 495 1448 nobis
510 1393 522 1449 ll
538 1403 706 1467 cooptamus
721 1392 853 1449 feliciter.
872 1423 901 1435 -
935 1392 1043 1450 Marini
1059 1397 1126 1447 Atti
1139 1404 1165 1453 I.
1185 1415 1215 1471 p.
1231 1395 1363 1453 CLXIII.

230 1523 313 1580 2269.
340 1519 414 1576 Tab.
429 1520 541 1577 XXIII.
579 1520 616 1576 L.
635 1520 736 1577 Flavio
756 1519 834 1577 Silva
853 1520 950 1578 Nonio
967 1521 1061 1579 Basso
1082 1525 1093 1580 ΙΙ
1115 1526 1218 1581 Asinio
1236 1524 1366 1582 Pollione

156 1613 324 1670 Verrucoso
343 1611 517 1670 Consulibus
546 1612 557 1669 l
584 1613 637 1669 111.
658 1611 758 1669 Nonas
782 1613 845 1669 Ian.
874 1614 886 1670 l
912 1614 1052 1691 Magister
1077 1614 1110 1672 C.
1131 1617 1231 1672 lanius
1256 1616 1366 1675 Tadius

101 1704 104 1708 ’
156 1703 312 1768 Mefitanus
337 1704 458 1781 Collegii
481 1705 618 1761 Fratrum
645 1706 798 1763 Arvalium
824 1707 940 1762 nomine
965 1718 1031 1764 vota
1061 1712 1240 1783 nuncupavit
1268 1711 1280 1767 l
1310 1729 1366 1786 pro

157 1798 248 1854 salute
275 1798 349 1873 Imp.
377 1799 437 1854 Titi
462 1796 613 1866 Caesaris,
640 1798 709 1855 Divi
731 1799 813 1866 Filii,
847 1798 1019 1872 Vespasiani
1044 1801 1120 1876 Aug.
1149 1800 1257 1858 Pontii.
1273 1803 1368 1861 Max.

157 1888 310 1947 Tribuuie.
332 1900 491 1966 potestate,
515 1891 650 1948 Consulis
671 1890 768 1958 VIII,
796 1902 825 1947 et
845 1891 996 1959 Caesaris,
1023 1893 1036 1950 l
1065 1893 1134 1949 Divi
1154 1893 1237 1961 Filii,
1264 1893 1366 1952 Domi·

156 1984 228 2039 tiani
256 1983 323 2040 Cos.
354 1982 439 2050 VII,
476 1994 504 2038 et
534 1983 622 2039 Iuliae
649 1984 817 2058 Augustae,
851 1979 1081 2060 Liber-oramque
1110 2004 1211 2041 eorum
1238 1987 1363 2043 victimis

156 2075 310 2132 immolatis
336 2077 367 2131 in
388 2075 564 2150 Calpitolio,
593 2092 666 2151 quae
692 2077 852 2151 superioris
881 2079 950 2132 anni
970 2077 1112 2153 Magister
1133 2088 1270 2146 voverat,
1297 2096 1369 2154 per-

157 2167 259 2234 solvit,
286 2168 349 2224 Iovi
375 2167 492 2243 Optimo
514 2167 641 2224 Maximo
662 2167 758 2224 Boves
779 2168 876 2224 Mares
895 2169 952 2237 Π.,
981 2173 994 2226 tl
1015 2171 1122 2226 Iunoni
1142 2170 1268 2248 Reginae
1290 2171 1368 2228 Vac-

158 2277 207 2316 cas
230 2260 287 2327 Π.,
315 2260 464 2318 Minervae
491 2261 603 2316 Vaccas
626 2260 683 2328 Π.,
718 2258 812 2317 Saluti
837 2259 970 2336 publicae
998 2263 1117 2318 Vaccae·
1139 2262 1195 2330 Π.,
1230 2274 1259 2320 et
1288 2264 1321 2320 iu
1352 2264 1365 2323 t

157 2354 322 2428 proximum
345 2372 453 2409 aunum
474 2354 668 2428 nuncupavit,
695 2363 852 2426 praeeunte
877 2352 913 2410 L.
939 2354 1078 2428 Pompeio
1100 2355 1228 2430 Vopisco
1250 2355 1283 2412 C.
1307 2355 1368 2412 Aa·

156 2447 255 2502 runtio
283 2445 421 2503 Calltellio
447 2445 547 2502 Celere
571 2447 603 2500 iu
630 2462 663 2500 ea
684 2442 790 2511 verba,
818 2463 892 2521 quae
918 2447 993 2502 infra
1016 2448 1126 2521 scripta
1148 2458 1225 2504 aunt.
1256 2448 1269 2505 ll
1296 2448 1367 2523 Iup-

157 2539 233 2612 piter
261 2536 376 2612 Optime
404 2537 547 2604 Maxime,
580 2539 606 2593 si
633 2537 796 2611 Imperator
818 2538 903 2607 Titus
931 2535 1040 2595 Caesar
1061 2539 1259 2614 Vespasianus
1287 2539 1364 2617 Aug.

156 2631 265 2686 Pontii.
294 2629 373 2686 Max.
397 2627 481 2686 Trib.
505 2630 614 2686 Potest.
637 2629 726 2685 Pater
752 2630 883 2697 Patriae,
920 2630 931 2688 ΙΙ
965 2639 995 2688 et
1021 2631 1145 2700 Caesar,
1172 2631 1241 2689 Diui
1263 2632 1365 2699 Filius,

157 2722 356 2789 Domitianus,
390 2740 462 2799 quos
490 2741 545 2778 nos
567 2722 706 2778 sentimus
732 2721 845 2805 (lipare,
880 2725 995 2790 vivent,
1029 2724 1187 2801 domusque
1220 2726 1231 2782 ΙΙ
1267 2743 1368 2782 eorum

157 2815 309 2872 incolumis
332 2816 388 2887 erp‘t
408 2826 474 2871 ante
497 2814 572 2871 diem
592 2815 645 2870 111.
668 2815 769 2871 Nonas
791 2815 872 2882 Iam,
906 2834 979 2892 quae
1003 2818 1153 2891 proximae
1175 2817 1287 2892 Populo
1308 2817 1369 2874 Ro-

157 2927 243 2964 mano
265 2906 440 2978 Quiritimu,
467 2904 653 2981 Reipublicae
676 2907 780 2982 Populi
801 2906 885 2964 Ronr.
909 2907 1066 2979 Quiritium
1090 2908 1103 2965 l
1127 2919 1223 2977 erunt,
1253 2921 1280 2966 et
1302 2908 1367 2966 eum

158 3000 248 3068 diem,
282 3017 389 3076 eosque
416 2999 512 3055 salvos
540 3002 705 3056 servaveris
734 3019 770 3056 ex
797 3000 951 3074 periculis,
985 3003 1011 3064 si
1035 2993 1095 3077 qua*
1117 3013 1200 3069 sunt,
1229 3003 1248 3062 t·
1276 3011 1368 3067 errant,

157 3102 223 3145 ante
253 3111 318 3148 emn
345 3092 435 3157 diem,
468 3091 667 3169 Eventnmque
696 3090 805 3148 bonum
826 3095 882 3160 ita,
915 3095 957 3149 uti
978 3111 1033 3150 nos
1055 3097 1195 3150 sentimus
1217 3094 1324 3161 dicere,
1352 3094 1365 3151 l

144 3185 282 3250 'dedet-is,
308 3203 403 3256 eosque
424 3189 453 3234 tn
472 3202 503 3234 eo
522 3193 615 3250 statu,
644 3202 700 3260 quo
719 3202 797 3240 nunc
817 3196 901 3252 suat,
928 3178 978 3241 aut
996 3204 1031 3242 eo
1053 3187 1170 3243 meliore
1190 3176 1366 3253 servaveris,

158 3288 203 3333 ast
221 3288 253 3333 tu
276 3276 288 3333 ll
311 3296 345 3329 ea
361 3281 404 3328 lta
415 3274 513 3346 faxis,
533 3284 597 3327 tune
617 3276 668 3327 cibi
685 3278 795 3332 nomine
812 3277 931 3352 Collegii
946 3277 1083 3334 Fratrum
1099 3279 1250 3335 Arvalium
1268 3276 1370 3336 Bubus

158 3369 287 3427 aullratr's
312 3368 415 3420 dicebas
435 3386 566 3419 vovemus
587 3385 645 3418 esse
664 3366 813 3438 fiatisruln.
843 3370 855 3426 Il
882 3371 967 3436 lamo,
995 3390 1063 3441 puae
1087 3377 1117 3422 in
1140 3371 1225 3423 verbo
1249 3373 1311 3425 Iovi
1333 3368 1374 3439 0.

158 3464 200 3514 M.
220 3462 311 3514 Bubus
333 3461 444 3516 auratis
466 3457 503 3514 II.
524 3461 657 3516 vovimus
680 3478 743 3516 esse
765 3460 920 3527 Intullrum,
946 3463 1020 3533 qaod
1040 3462 1117 3515 lodie
1134 3468 1277 3528 vovimus,
1304 3471 1369 3514 em

158 3554 211 3610 tibi
239 3556 268 3610 in
297 3554 396 3610 eadem
425 3549 514 3608 verba
542 3552 670 3608 noIImine
697 3553 826 3604 Fratrum
848 3555 995 3605 Arvalium
1023 3555 1113 3605 Bubus
1137 3559 1245 3606 azaram
1267 3553 1374 3617 dnobus

150 3646 285 3718 fovemus
303 3664 366 3702 esse
385 3647 524 3701 futurum.
548 3674 578 3686 -
618 3643 725 3700 Marini
745 3647 811 3697 Atti
825 3654 850 3703 1.
871 3665 901 3720 p.
917 3644 1073 3704 cxxxi

231 3781 312 3833 2270.
346 3771 419 3830 rab.
443 3749 570 3829 xxxu.
595 3803 625 3815 -
645 3771 741 3830 imam
765 3750 881 3830 arietes
903 3773 1053 3831 ultraneos
1071 3775 1128 3841 u,
1161 3775 1267 3830 renone
1292 3724 1400 3830 neas-'³²

157 3867 229 3924 Diae
261 3866 338 3923 Oves
363 3867 419 3933 Π.,
459 3866 520 3921 eive
551 3866 614 3923 Deo
646 3867 707 3922 sive
734 3866 813 3923 Deae
841 3857 919 3923 Oves
944 3867 1002 3934 Π.,
1040 3868 1052 3927 l
1089 3865 1259 3943 Virginibus
1287 3865 1371 3923 Divis

157 3958 236 4016 Oves
258 3960 314 4025 11.‚
347 3958 474 4015 Fainulis
501 3958 585 4015 Divis
610 3956 757 4015 Verheces
785 3959 875 4026 duos,
908 3959 1035 4017 Laribus
1061 3957 1207 4016 Verbeces
1237 3959 1325 4029 duos,
1355 3957 1368 4016 l

156 4051 245 4108 Matri
267 4050 377 4107 Larum
396 4043 473 4108 Oves
492 4051 580 4117 duas,
608 4053 670 4107 siue
688 4051 751 4108 Deo
770 4053 831 4108 sive
851 4051 948 4119 Deae,
977 4055 1007 4108 iu
1030 4052 1222 4119 euiustutela
1243 4051 1290 4108 hic
1309 4048 1372 4111 Lu&

156 4161 208 4199 eus
234 4143 368 4200 Locusve
401 4137 506 4210 lest,
541 4142 619 4200 Oves
639 4144 695 4210 IL,
728 4143 814 4200 Fonti
836 4142 974 4201 verbeces
996 4144 1052 4210 Π.,
1076 4144 1190 4208 ,Florae
1222 4143 1299 4201 Oves
1319 4143 1370 4211 11..

157 4237 262 4305 Vestae
284 4235 362 4293 Oves
375 4220 432 4302 1'1.,
459 4237 564 4292 Vestae
583 4236 672 4293 Matri
686 4236 764 4294 Oves
776 4237 833 4303 Π.,
862 4238 930 4293 item
950 4237 962 4294 l
984 4238 1168 4303 Adolendae,
1196 4233 1379 4293 CoumoIan-'

157 4328 222 4396 dae,
237 4328 288 4402 (sic
301 4330 327 4383 l.
335 4328 366 4402 l.)
378 4329 561 4385 Deferundae
572 4329 650 4385 Oves
660 4330 709 4394 IL,
726 4333 793 4385 item
804 4341 870 4385 ante
879 4326 1052 4389 Caesaremn
1064 4331 1147 4386 Divis
1159 4346 1280 4386 numero
1290 4328 1371 4386 XVI.
1411 4392 1415 4406 ¹

157 4420 303 4477 Verheces
329 4423 340 4478 ll
365 4423 521 4479 immolavit
536 4415 658 4479 numero
676 4421 756 4478 XVI.
778 4422 818 4479 M.
840 4422 989 4478 Herennio
1013 4421 1165 4488 Secundo,
1187 4422 1228 4479 M.
1248 4422 1374 4498 Egnatio

158 4515 297 4570 Postumo
325 4513 499 4571 Consulibus
517 4515 569 4570 111.
595 4516 639 4572 Id.
668 4515 737 4571 Mai.
773 4515 785 4571 ΙΙ
818 4515 852 4570 In
880 4516 961 4571 Luco
987 4515 1063 4571 Deae
1082 4515 1153 4572 Diae
1183 4514 1220 4586 Q.
1241 4514 1374 4571 Licinius

157 4607 258 4681 Nepos
283 4607 360 4685 Mag.
388 4610 485 4683 operis
510 4609 757 4681 perfectionum,
786 4607 862 4683 quod
887 4605 1001 4664 arboris
1030 4607 1042 4663 l
1069 4608 1213 4664 eruendae
1236 4618 1265 4662 et
1285 4606 1375 4662 Aedis
