3066 5182
235 310 277 374 12
647 304 1038 373 PRAEFATIO.

233 498 320 540 stram
362 479 508 560 quodque
550 476 678 539 classem
719 475 851 537 relatum
892 495 1002 555 magua
1038 495 1106 535 eum
1137 472 1284 537 facilitate
1319 473 1451 538 inveniri

235 598 339 670 queat.

315 696 412 762 Cuius
431 697 554 782 quidem
577 695 703 780 generis
723 695 754 757 in
773 697 935 759 thesauros
951 699 1086 759 nondum
1101 695 1253 758 illatarum
1268 696 1447 783 inscriptio·

233 831 306 873 uum
329 810 464 891 quintam
486 809 584 872 ferme
604 819 723 889 partem
745 827 830 870 meae
848 805 1042 869 collectionis
1060 805 1131 868 sore
1151 807 1310 887 spondco;
1333 812 1447 890 quade

230 941 267 984 re
285 919 382 982 cuivis
401 921 571 993 constabit,
606 918 660 980 ubi
688 919 740 979 vel
761 917 889 980 indicem
911 917 1064 980 librorum
1086 928 1158 997 post
1179 915 1298 979 Donati
1320 921 1446 1000 supple·

230 1042 366 1094 mentum
387 1049 572 1093 excursorum
602 1040 632 1090 et
660 1048 677 1091 a
704 1049 752 1090 me
782 1038 1002 1108 excerptorum
1033 1025 1183 1110 inspicere
1208 1028 1352 1110 dignatus
1373 1029 1444 1092 erit.

231 1141 337 1209 Multa
359 1140 480 1221 quidem
502 1139 649 1214 Millino,
672 1142 727 1201 sed
748 1139 842 1222 longe
864 1137 996 1219 plurima
1017 1140 1117 1213 debeo
1139 1139 1297 1215 Marinio,
1322 1139 1392 1203 viro
1413 1139 1444 1202 in

229 1250 278 1317 his
293 1250 401 1314 studiis
416 1249 641 1323 versatissimo,
662 1260 693 1311 ct
711 1248 929 1333 Hagenbuchii
944 1249 1082 1325 aemulo,
1106 1248 1176 1312 ideo
1192 1248 1282 1313 ctiam
1296 1249 1441 1327 feliciori,

228 1363 316 1444 quod
337 1360 365 1423 ei
386 1361 502 1442 lapides
523 1360 610 1441 ipsos
627 1359 726 1423 oculis
744 1380 907 1440 usurpare,
930 1359 1149 1442 ingentemque
1168 1380 1324 1421 numerum
1344 1383 1444 1442 nuper

230 1472 350 1534 demum
372 1484 531 1534 erutorum
553 1471 656 1552 primo
678 1470 797 1552 publici
819 1469 894 1532 iuris
917 1469 1021 1531 facere
1043 1469 1141 1530 licuit.

315 1583 386 1661 Quo
402 1603 480 1645 vcro
495 1603 555 1663 pro
569 1580 700 1643 instituti
713 1580 773 1642 mei
788 1601 903 1642 summa
918 1580 1026 1661 populi
1039 1579 1173 1644 Romani
1185 1581 1289 1658 vitam,
1304 1582 1441 1660 (Varro-

170 1698 173 1703 '
228 1692 322 1757 niano
339 1693 492 1755 vocabulo
508 1693 593 1770 ntor)
609 1713 700 1774 quam
714 1690 846 1754 maxime
861 1691 929 1753 lieri
943 1702 1060 1771 posset,
1077 1691 1312 1773 inscriptionum
1324 1693 1441 1756 auxilio

227 1801 435 1877 illustrarem,
458 1804 539 1864 hauc
553 1801 636 1865 viam
651 1801 726 1862 mihi
740 1801 972 1884 ingrediendam
988 1812 1074 1862 ratus
1090 1823 1173 1874 sitm,
1197 1812 1232 1863 ut
1245 1801 1331 1866 initio
1347 1814 1440 1882 capto

226 1914 266 1976 ab
290 1911 360 1993 ipso
381 1911 490 1994 populi
511 1911 645 1976 Romani
667 1910 825 1976 domicilio
849 1933 884 1973 ac
906 1914 997 1988 sede,
1022 1912 1109 1977 Urbe
1131 1920 1274 1986 aeterna,
1296 1934 1355 1994 per
1377 1912 1440 1975 sin·

227 2023 314 2107 gulas
337 2023 401 2086 eius
422 2022 568 2107 regiones
588 2023 648 2085 iter
669 2025 755 2087 velut
775 2023 986 2096 instituerem,
1011 2044 1046 2084 ac
1067 2020 1277 2086 memorabilia
1300 2043 1441 2108 quaeque

228 2133 350 2216 lapidea
365 2145 561 2198 monumenta
576 2135 736 2218 seligerent
751 2156 809 2216 per
824 2137 946 2197 casdem
962 2134 1011 2196 vel
1029 2133 1103 2196 olim
1117 2145 1253 2215 reperta,
1273 2134 1325 2195 rel
1340 2136 1440 2196 adbuc

227 2245 390 2308 exstantia.
434 2247 486 2308 Ex
515 2246 602 2308 Urbe
624 2245 694 2306 dein
716 2263 904 2327 progressus
926 2244 1044 2305 Italiam
1067 2266 1084 2305 a
1105 2243 1325 2325 septemtrione
1347 2244 1440 2306 meri·

227 2354 306 2417 diem
329 2376 439 2415 versus
461 2376 529 2414 cum
551 2353 658 2415 insulis
688 2354 750 2415 suis
778 2352 963 2436 peragravi,
997 2351 1038 2414 ita
1066 2365 1100 2415 ut
1128 2356 1166 2415 ad
1187 2375 1223 2416 ea
1243 2353 1438 2436 potissimum

225 2463 357 2526 animum
378 2466 583 2536 adverterem,
607 2483 685 2546 quae
705 2461 795 2524 situm
817 2474 910 2545 atque
925 2462 1048 2546 antiqua
1063 2463 1188 2527 nomina
1202 2463 1437 2547 municipiorum

226 2573 479 2656 coloniarumque
502 2575 669 2646 docerent,
689 2584 742 2647 et,
766 2594 845 2656 quae
864 2573 1078 2654 praetermissa
1101 2574 1248 2649 viderem,
1273 2570 1325 2637 aut
1346 2574 1438 2657 igno·

222 2694 290 2747 rata
310 2704 327 2744 a
347 2682 517 2758 Cluverio,
543 2681 694 2756 Cellario,
716 2684 905 2758 Mannerto,
930 2683 1018 2745 nimis
1035 2683 1346 2765 fastidiosolapidum
1362 2708 1438 2749 coo·

223 2805 398 2874 temptor-e,
422 2812 458 2856 ac
479 2793 676 2869 Reichardo,
707 2793 845 2858 studiose
867 2795 1066 2876 colligerem:
1100 2794 1157 2857 etsi
1185 2795 1333 2875 plurima,
1358 2818 1439 2879 qnae

222 2924 324 2988 aequo
346 2925 418 2968 sane
439 2904 506 2966 iure
526 2905 587 2966 hirc
608 2903 784 2985 potuissent
803 2904 934 2979 referri,
959 2926 1027 2968 meo
1043 2926 1082 2967 ex
1099 2904 1230 2968 consilio
1249 2909 1438 2970 reservanda

222 3026 310 3079 eraut
336 3013 431 3095 capiti
460 3017 498 3076 ad
523 3036 590 3076 rem
619 2994 833 3096 municipalem
855 3015 1018 3096 spectanti.
1063 3015 1125 3077 Sed
1142 3015 1173 3078 in
1192 3015 1320 3098 reliquis
1339 3018 1438 3080 Orbis

220 3124 357 3189 Romani
380 3124 518 3206 partibus
543 3124 795 3208 prouinciisque,
828 3124 1003 3206 Hispania,
1042 3125 1218 3201 Britannia,
1258 3127 1436 3202 Germania,

225 3235 345 3311 Gallia,
379 3235 508 3310 Raetia,
542 3235 680 3311 Norico,
716 3235 897 3309 Pannonia,
931 3236 1104 3310 Dalmatia,
1140 3236 1254 3311 Dacia,
1290 3236 1434 3310 Graecia,

223 3345 300 3410 Asia
323 3344 463 3420 minore,
486 3346 638 3429 Aegypto
660 3356 691 3407 et
712 3347 822 3408 Africa
843 3345 1011 3428 specimina
1032 3357 1148 3408 tantum
1171 3351 1268 3410 danda
1290 3346 1435 3422 iudicavi,

222 3455 301 3518 idem
317 3468 417 3518 tamen
432 3455 595 3519 consilium
614 3467 749 3529 secutus,
772 3467 824 3531 ut,
846 3478 924 3540 quae
939 3457 1071 3519 maxime
1089 3468 1199 3521 notatu
1212 3458 1306 3541 digna
1321 3450 1434 3535 essent,

222 3566 275 3629 vel
295 3567 437 3649 neglecta
458 3589 476 3628 a
498 3566 688 3650 geographis
711 3566 878 3650 deligercm
901 3578 992 3650 atque
1015 3567 1205 3631 exhiberem.
1248 3570 1294 3631 At
1318 3569 1436 3649 patriae

223 3698 330 3741 amore
359 3680 468 3740 ductus
497 3677 586 3738 aliam
613 3697 744 3757 prorsus
772 3677 924 3740 rationem
953 3677 1079 3741 adhibui
1106 3678 1136 3740 in
1158 3678 1240 3741 saxis
1262 3678 1436 3741 Helveticis

224 3787 456 3868 conquirendis,
473 3786 646 3869 periculum
662 3787 751 3849 simul
763 3788 916 3862 facturus,
934 3809 1097 3871 quousque
1111 3788 1232 3851 iuvaret
1245 3787 1274 3851 io
1291 3788 1436 3851 Latinam

217 3916 345 3981 quoque
359 3896 577 3982 epigraphiccn
592 3895 751 3958 introduci
764 3897 904 3960 ordinem
918 3897 1004 3960 illum
1023 3898 1280 3982 geographicum,
1298 3898 1362 3982 qui,
1380 3899 1437 3961 etsi

223 4020 373 4087 exparte
395 4007 622 4070 contradicente
645 4006 787 4088 Koppio,
811 4006 842 4069 in
865 4009 984 4070 Graeca
1007 4009 1117 4071 merito
1139 4006 1256 4091 placuit
1275 4009 1435 4073 Boeclchio

220 4116 267 4177 V.
286 4113 337 4179 cl.
355 4114 482 4196 eiusque
496 4115 591 4179 sociis
601 4116 829 4181 eruditissimis.
853 4116 1055 4197 Experientia
1067 4118 1164 4204 igitur
1176 4141 1223 4183 me
1234 4119 1352 4194 docuit,
1369 4119 1437 4182 ficri

217 4224 251 4287 id
264 4224 389 4308 quidem
404 4245 511 4305 posse,
533 4224 626 4288 immo
644 4226 723 4288 effici
741 4230 855 4290 debere
875 4250 892 4289 a
909 4227 1039 4311 siugulis
1054 4229 1130 4292 viris
1146 4229 1246 4294 doctis
1262 4231 1393 4314 singulis
1407 4230 1437 4292 in

219 4335 411 4417 provinciis,
446 4335 672 4411 vicinitatibus,
710 4338 838 4400 urbibus
860 4349 951 4423 atque
974 4339 1116 4422 oppidis;
1149 4345 1202 4404 sed
1223 4343 1285 4405 hoc
1306 4342 1386 4404 idem
1404 4354 1439 4403 ut

218 4454 354 4507 tentetur
371 4445 402 4508 in
424 4445 574 4509 universo
592 4445 758 4529 aliquando
776 4447 1013 4530 inscriptionum
1035 4451 1216 4515 Latinarum
1231 4472 1368 4534 corpore
1384 4454 1437 4512 ad·

220 4557 382 4630 ornando,
407 4555 519 4619 nemini
540 4555 679 4638 equidem
707 4571 815 4621 auctor
833 4580 900 4621 sum
924 4559 1061 4624 loturus.
1105 4562 1180 4625 Vidi
1202 4563 1283 4625 euim
1303 4561 1356 4623 bic
1374 4561 1439 4625 illic
