3066 5182
195 336 235 399 10
603 334 993 400 PRAEFATIO.

192 496 253 588 que
274 503 435 585 suspicor,
458 500 651 584 posthabitas
672 522 738 564 esse
760 512 848 563 certo
870 500 953 574 scio;
980 500 1129 564 eiusmodi
1151 501 1300 576 maxime,
1323 522 1401 584 quae

191 625 353 694 suspectae
386 624 437 677 ant
468 613 600 676 ficticiae
629 611 753 677 omnino
782 611 855 674 mibi
883 611 984 687 visae,
1014 611 1135 672 minime
1163 622 1263 673 tamen
1283 611 1400 675 fraudis
1420 598 1454 651 ‘li

192 745 327 806 operose
348 724 495 808 redargui
510 735 716 796 mererentur3
739 722 824 784 cuius
843 722 963 805 quidem
986 720 1109 804 generis
1126 723 1294 802 permultas
1309 744 1399 804 repe-

190 832 255 898 rire
283 835 355 898 licet
381 834 414 896 in
440 834 610 939 Reinesio,⁸
642 833 780 916 Spouio,
812 834 984 909 Fabretto,
1020 833 1123 897 Gudio
1155 835 1333 915 praesertim
1363 857 1401 896 ac

192 944 385 1019 Muratorio,
409 944 574 1008 infaustum
588 944 664 1007 illud
683 943 809 1028 Ligorii
830 965 953 1020 nomen,
976 945 1025 1007 vel
1048 945 1227 1008 schedarum
1249 968 1288 1008 ex
1309 945 1399 1008 huius

192 1056 323 1120 bominis
346 1055 515 1118 Thesauris
538 1066 756 1137 excerptarum
781 1055 867 1117 nimis
896 1053 1068 1138 ambiguam
1090 1055 1302 1118 auctoritatem
1323 1077 1398 1137 prae

189 1188 223 1229 se
251 1166 399 1229 serentes.
467 1163 619 1229 Conferat
651 1164 724 1228 mihi
751 1164 876 1248 aliquis,
920 1165 945 1227 si
976 1166 1078 1247 placet
1106 1176 1137 1228 ct
1169 1178 1274 1240 vacat,
1311 1168 1399 1247 Spon

190 1276 294 1343 Mine.
311 1298 346 1358 p.
361 1277 412 1352 90,
429 1279 460 1339 1.
480 1288 511 1339 et
530 1278 600 1353 181,
614 1277 657 1352 3.,
674 1297 750 1360 quo,
768 1276 843 1360 quid
856 1275 1034 1360 significem,
1051 1276 1216 1361 intelligat.
1233 1308 1271 1320 -
1293 1279 1399 1340 lncre·

191 1386 285 1450 dibile
307 1398 408 1449 autem
430 1396 494 1462 est,
528 1398 601 1468 post
617 1396 665 1449 tot
685 1386 863 1449 criticorum
882 1408 971 1448 curas
990 1399 1136 1470 quantum
1155 1388 1184 1449 in
1204 1400 1268 1450 arte
1293 1388 1399 1450 critica

192 1497 341 1579 lapidaria
361 1497 580 1578 perficiendum
603 1498 703 1558 adhuc
723 1508 888 1558 remaneat.
946 1496 1013 1558 Mei
1036 1497 1157 1580 quidem
1181 1498 1300 1561 consilii
1321 1510 1399 1560 tam·

192 1606 251 1670 etsi
268 1609 504 1691 haudquaquam
522 1618 607 1682 erat,
630 1617 665 1668 ut
684 1607 785 1669 dedita
802 1628 899 1688 opera
917 1606 1135 1690 investigarem
1152 1620 1182 1669 et
1196 1619 1348 1689 suspecta,
1369 1620 1400 1670 et

191 1717 355 1781 manifesto
385 1717 612 1793 commenticia,
643 1729 760 1794 tamen,
790 1717 964 1800 ubicunque
993 1729 1201 1799 opportunum
1224 1719 1397 1794 videbatur,

194 1827 303 1893 sedulo
324 1826 431 1891 notavi
452 1849 503 1905 ea,
530 1850 607 1912 quae
624 1827 673 1890 his
691 1840 792 1891 essent
807 1830 1050 1902 adnumeranda3
1072 1829 1166 1912 longe
1179 1828 1284 1911 utique
1295 1829 1394 1909 plura,
1434 1826 1437 1833 ’

192 1959 285 2022 quam
317 1942 356 2001 ab
384 1937 449 2001 aliis
479 1951 548 2001 ante
576 1951 645 2001 sunt
673 1939 901 2013 animadversa,
937 1959 1000 2001 non
1021 1939 1087 2001 sine
1108 1938 1226 2002 idoneis
1247 1937 1344 2002 causis
1365 1939 1398 2000 in

190 2048 397 2131 suspicionem
416 2052 582 2113 adducens.
626 2052 688 2113 Sed
705 2050 866 2132 complura
884 2048 1068 2125 huiusmodi,
1088 2061 1121 2111 ut
1136 2049 1287 2130 praedixi,
1305 2070 1398 2131 prae·

189 2159 285 2224 terire
313 2159 407 2223 satius
436 2161 521 2224 drrxi.
572 2161 699 2241 Spurias
727 2161 870 2225 consulto
892 2172 1055 2241 receptas,
1093 2159 1240 2224 asterisco
1262 2159 1395 2242 signavi.

190 2271 302 2354 Neque
324 2293 405 2332 nrrne
424 2282 459 2332 ut
480 2269 554 2334 novi
575 2282 606 2332 et
627 2292 768 2333 verarum
787 2269 1019 2350 inscriptionum
1044 2291 1217 2333 sermonem
1241 2269 1395 2332 sincerum

189 2380 346 2461 iustasque
361 2379 522 2454 formulas,
547 2391 578 2441 et
591 2377 833 2462 Ligorianarum
856 2390 948 2462 atque
969 2378 1110 2441 similium
1136 2383 1173 2441 ab
1189 2379 1254 2443 aliis
1267 2380 1397 2442 fraudu·

189 2489 279 2552 lentis
307 2488 512 2552 nebulonibus
540 2489 740 2552 conficlarum
768 2489 941 2552 universam
964 2491 1112 2553 rationem
1135 2502 1165 2553 et
1185 2489 1394 2566 auctoritates,

189 2599 307 2683 magnis
330 2599 564 2662 collectionibus
587 2603 688 2663 denuo
708 2601 901 2682 perlustratis
921 2604 958 2662 de
974 2601 1101 2684 singulis
1114 2602 1181 2663 lere
1195 2600 1397 2682 pronuntiare
1440 2637 1441 2640 κ

189 2711 398 2791 desperarim,
428 2721 532 2772 utrum
552 2709 632 2772 inter
653 2722 772 2785 certas,
803 2732 841 2773 an
862 2723 1036 2791 suspectas,
1069 2711 1329 2790 interpolatasne,
1359 2733 1398 2773 an

188 2840 320 2903 prorsus
341 2819 568 2884 commenticias
590 2823 650 2883 sint
669 2822 869 2885 referendae:
901 2822 979 2883 bace
1007 2820 1085 2882 enim
1116 2832 1260 2903 quattuor
1282 2842 1399 2903 genera

189 2930 409 2994 constituamus
430 2952 556 2994 neeesse
578 2943 636 3008 est,
665 2932 723 2994 nisi
745 2944 796 2994 aut
817 2931 905 2993 nimis
924 2931 1040 2993 creduli
1059 2951 1181 3005 sumus,
1205 2923 1258 2992 aut¹
1277 2952 1395 3007 omnes,

188 3062 268 3124 quae
297 3040 516 3104 dubitationem
552 3041 683 3124 aliquam
722 3043 813 3104 nobis
849 3040 998 3117 afferunt,
1038 3040 1162 3104 omnino
1194 3040 1398 3122 repudiandas

187 3171 399 3233 praepropere
437 3172 606 3215 censemus.
662 3157 859 3234 Suspectus,
897 3173 973 3234 quas
1006 3171 1068 3235 ego
1100 3151 1187 3224 dico,
1225 3150 1301 3212 alius
1327 3150 1398 3214 ido-

188 3260 254 3324 neis
268 3261 456 3345 argumentis
471 3282 543 3324 usus
558 3263 612 3323 ubi
625 3262 812 3336 delenderit,
842 3274 872 3324 et
892 3261 951 3342 ipsi
973 3273 1002 3323 ct
1023 3259 1198 3341 disciplinae
1219 3260 1407 3343 epigraphi-1

187 3391 242 3434 cae
271 3371 357 3434 ultro
391 3371 694 3456 congratulabimur3
733 3372 961 3435 commenticias
996 3393 1073 3455 quas
1109 3369 1396 3446 demonstravimus,

187 3502 342 3564 numquam
364 3482 453 3545 nobis
474 3494 508 3543 ut
527 3493 680 3565 tamquam
702 3503 796 3544 verae
826 3484 1049 3558 obtrudantur,
1082 3481 1246 3562 patiemur.
1288 3481 1399 3543 Absti-

188 3591 241 3654 nui
262 3603 441 3674 praeterea,
465 3595 615 3675 quatenns
636 3613 720 3655 meae
741 3593 882 3655 sinebant
902 3592 1048 3668 rationes,
1072 3613 1090 3654 a
1111 3591 1261 3674 lapidibus
1284 3590 1399 3652 mutilis

187 3701 338 3786 nimisque
366 3701 540 3783 corruptis,
569 3702 628 3765 etsi
648 3712 780 3784 propter
800 3725 894 3765 unium
915 3703 1085 3766 alterumve
1106 3701 1289 3766 vocabulum
1311 3700 1400 3783 digni

188 3823 291 3878 essent
312 3811 591 3877 animadversione.

270 3923 332 3984 Sed
352 3934 509 4006 utcunque
530 3944 565 3986 ea
587 3925 625 3985 de
646 3942 681 3985 re
703 3921 866 3984 iudicatum
888 3921 1002 3995 fuerit,
1031 3921 1189 3984 idsaltem
1211 3922 1400 3984 contendere

187 4031 308 4104 liceat„
328 4031 517 4115 antiquarios
540 4031 836 4115 grammaticosque,
867 4030 893 4093 si
914 4029 968 4114 qui
989 4030 1164 4114 diligentius
1185 4033 1266 4093 hunc
1286 4030 1399 4093 librum

187 4140 360 4216 versarint,
396 4142 470 4203 satis
496 4141 691 4222 probabilem
721 4162 830 4204 earum·
855 4161 959 4202 rerum
988 4140 1198 4223 cognitionem
1226 4141 1297 4204 sore
1326 4161 1401 4221 per·

188 4262 347 4331 cepturos,
364 4270 442 4334 quae
455 4270 496 4311 ex
506 4249 627 4312 Latinis
645 4250 896 4334 inscriptionibus
914 4248 1053 4314 condisci
1070 4263 1220 4332 possunt;
1243 4261 1295 4313 aut
1316 4261 1400 4312 certe

186 4359 333 4424 uberiore
355 4381 423 4420 cum
445 4359 552 4421 fructu
573 4361 691 4445 magnis
712 4360 948 4425 collectionibus
969 4361 1169 4444 perlegendis
1191 4361 1401 4423 aestimandis·

185 4490 247 4553 que
270 4491 397 4549 operam
418 4470 616 4549 postmodum
638 4473 764 4535 daturos
788 4493 867 4535 esse.

272 4580 368 4658 Quod
400 4578 425 4641 si
457 4577 533 4640 nihil
565 4578 647 4642 aliud
678 4580 915 4663 praestitissem,
955 4576 1004 4643 rel
1036 4582 1098 4645 hoc
1129 4584 1229 4644 tamen
1262 4580 1402 4645 sufficere
