3066 5182
659 301 857 360 EPISTOIA

146 483 152 491 ,
221 408 528 507 1ωοιῐριῐοιιει,’ῃαε
553 447 569 485 a
593 433 669 505 aiglia
690 433 724 486 D.
744 434 767 489 1.
788 434 830 487 M.
855 437 1008 507 incipiunt,
1033 438 1091 488 etai
1114 451 1219 487 otrtnet
1240 438 1377 506 antiquarii

147 531 376 598 Interpretatur,
405 541 437 579 ac
461 530 484 579 ri
511 523 629 578 diductio
655 525 743 579 verbit
768 530 899 598 acriptutn
926 543 999 581 erret
1026 528 1110 583 mio
1140 527 1303 583 lavacro
1326 528 1376 581 aii·

148 618 361 689 rantwic
379 632 468 670 autern
487 616 628 690 legendum
647 623 675 672 in
695 618 829 673 Mutatur.
848 624 927 677 2051.
946 624 991 684 2.)
1010 638 1044 672 ne
1068 636 1168 675 tamen
1192 619 1325 692 eiglarunt
1342 625 1375 673 ia·

147 714 373 783 ‚terpretntionem
391 711 453 763 bele
472 708 607 763 declarare
628 708 733 778 videar,
752 710 785 762 ab
805 715 853 779 iia,
876 728 944 784 quae
963 711 1066 782 alitque
1088 712 1170 786 tiglia
1190 712 1291 767 eadem
1307 712 1373 767 rerba

150 800 307 875 proferunt,
325 806 469 855 telunctim
490 807 606 877 reposui.

226 893 407 948 Drnmmondi
427 894 553 948 volumen
573 898 692 969 primunt
711 894 868 969 propediem
887 911 1027 969 exspectnt
1051 911 1127 951 num
1143 901 1177 951 in
1201 895 1273 952 illud
1290 897 1372 952 referat

150 1002 345 1053 monumenta,
375 1002 443 1058 quae
462 987 589 1060 collegit,
621 1004 659 1041 an
683 993 712 1042 in
737 1006 849 1060 aequent
870 993 1014 1056 coniiciat,
1042 989 1141 1044 adhue
1168 995 1297 1045 incertae
1317 1009 1372 1045 anm

151 1079 204 1135 Sed
223 1085 311 1133 maiut
332 1084 361 1133 in
377 1081 517 1154 liitpaniia
536 1097 610 1134 nnnc
628 1095 737 1154 paratur
756 1098 833 1155 opnt,
851 1085 880 1134 in
902 1099 954 1152 quo
973 1085 1178 1159 inrcriptionee
1199 1102 1297 1137 ornnea
1314 1084 1373 1137 illita

152 1177 271 1245 regionia
301 1171 389 1226 adhuc
418 1187 568 1239 exitentet,
598 1189 625 1226 et
646 1191 679 1227 ex
697 1171 747 1227 lide
771 1170 891 1246 lapidum
913 1172 1083 1247 deecriptae,
1117 1190 1183 1231 tum
1218 1182 1317 1244 etiam,
1340 1181 1374 1229 uti

151 1263 260 1332 lerunt,
290 1263 377 1332 aliae,
408 1281 476 1337 qnae
504 1269 534 1319 in
555 1263 635 1319 aditio
656 1265 734 1319 librir
755 1271 947 1332 continentur,
979 1268 1275 1340 comprehendentur.
1313 1270 1373 1324 Alta

152 1360 252 1413 Xater.
277 1357 419 1424 Paneliua,
452 1357 514 1413 Soc.
543 1359 630 1424 lesu,
650 1359 720 1411 hanc
739 1364 907 1431 provinciam
927 1364 955 1412 in
973 1376 1001 1412 ae
1019 1365 1164 1430 accepite
1202 1367 1262 1416 iarn
1280 1379 1374 1415 moneta

155 1448 263 1503 [uncina
293 1453 475 1523 praeceptoria
500 1449 617 1502 filiorum
642 1452 738 1522 Regia,
771 1467 798 1504 et
826 1451 950 1524 plurimie
970 1450 1118 1524 ttlpendiia
1152 1451 1299 1519 donatur,
1326 1457 1376 1506 baia

152 1547 263 1615 negotio
295 1547 359 1596 totia
389 1540 490 1595 ritibus
521 1540 667 1597 incumbit.
706 1527 846 1612 Quantum
873 1544 999 1597 utilitatit
1026 1543 1094 1597 hinc
1126 1545 1199 1599 inde
1234 1552 1376 1620 percipito,

97 1643 103 1647 '
139 1629 268 1688 ¹omuino
286 1631 373 1688 ridet:
402 1650 464 1687 narn
482 1633 612 1687 librorum
637 1640 664 1688 in
683 1637 821 1708 iiiapnniit
840 1634 974 1689 editorum
994 1651 1131 1709 magnum
1149 1655 1203 1693 me
1224 1639 1376 1694 deciderim

155 1742 245 1792 tenet,
266 1741 293 1779 et
312 1725 345 1778 ab
365 1731 468 1792 amieo,
496 1732 543 1799 qui
565 1743 637 1780 nunc
657 1729 787 1784 Mantuae
806 1731 1018 1803 Carpetanorum
1037 1732 1126 1784 uitam
1145 1730 1249 1806 degit,
1268 1747 1376 1804 eacerpu

137 1818 269 1895 'plutima
293 1835 429 1892 exapecto.

230 1912 406 1966 Mltcellanea
423 1913 501 1966 erud.
522 1918 609 1983 antip.
628 1876 723 1986 Sponli
738 1912 862 1967 lubenter
877 1912 1023 1969 Zachariae
1040 1914 1288 1971 commodaaaem.
1314 1914 1376 1971 Baad

156 2003 314 2076 ignorabat,
336 2023 416 2079 pener
437 2023 481 2059 tue
500 2023 572 2059 erae:
596 2024 648 2059 nec
669 2011 720 2072 iia,
741 2022 770 2058 ut
789 2005 988 2070 animadvertit,
1007 2022 1102 2060 catere
1123 2025 1255 2080 poterat,
1275 2023 1376 2081 quana

156 2097 269 2152 Polenio
288 2114 382 2152 recuta
401 2103 471 2164 tint,
495 2114 522 2153 et
542 2103 569 2151 in
590 2098 668 2152 ltalia
690 2103 807 2152 manime
826 2097 914 2152 obvia
952 2099 1032 2152 Brevi
1051 2113 1148 2153 tamen
1169 2106 1230 2157 erit
1249 2102 1292 2156 illi
1309 2101 1376 2155 libro

157 2208 218 2242 runt
245 2206 343 2263 magna
371 2191 503 2265 tupellex,
534 2207 601 2245 nam
630 2191 817 2244 Bibliothecae
841 2192 973 2262 Principia
999 2190 1176 2246 Mutinenaia
1209 2198 1375 2268 praeponitur,

158 2288 287 2356 proximie
305 2283 369 2340 ital.
386 2284 456 2338 Not.
474 2284 528 2337 hoc
548 2301 659 2337 munere
678 2281 814 2357 fungetur.
853 2283 985 2356 Siglarum
1007 2287 1281 2358 interpretationem
1299 2287 1337 2340 M.
1351 2286 1374 2338 P.

152 2375 271 2437 ‚damnat
291 2374 415 2447 equidem
434 2381 602 2443 rectissime,
620 2391 732 2449 eamque
751 2375 844 2430 itidem
863 2375 965 2448 exploti
985 2379 1081 2430 rtatim
1104 2393 1139 2433 ac
1156 2378 1234 2435 vidi.

229 2470 272 2524 Cl.
295 2471 517 2544 compagnonio,
545 2485 575 2522 ut
599 2468 683 2542 probe
708 2472 778 2534 teir,
812 2484 956 2539 antequam
982 2484 1052 2522 earet
1071 2470 1193 2524 Praetul
1215 2475 1374 2527 Auximatea-

159 2567 213 2630 rit,
240 2561 428 2616 Bibliothecae
447 2562 657 2616 Barbetinianne
676 2577 740 2616 cura
768 2558 929 2615 demandata
951 2559 1018 2620 iuitt
1044 2557 1137 2617 eidem
1155 2565 1280 2619 Carolua
1297 2566 1374 2618 lioto-

159 2660 221 2710 nitta
240 2655 307 2708 olim
326 2645 494 2729 praelector,
519 2672 640 2729 unusque
658 2672 673 2707 e
692 2654 891 2727 compagnonii
909 2651 1114 2721 deceatoribur,
1141 2660 1195 2726 qul
1216 2663 1294 2711 iuaan
1310 2659 1373 2710 Fran·

160 2753 228 2802 circi
258 2747 410 2802 cardinalia
437 2745 578 2802 Barberini
604 2752 734 2816 teniorit,
765 2748 873 2819 Cyriaci
898 2748 1063 2801 Anconitanl
1083 2752 1294 2820 epigrammata
1318 2764 1373 2801 anta

161 2845 241 2899 1660.
268 2839 397 2895 ediderat.
436 2839 515 2893 Haud
539 2838 621 2893 credo
647 2840 718 2894 hanc
736 2839 855 2912 ryllcgen
875 2841 1080 2912 compagnonio
1100 2857 1161 2892 non
1180 2859 1283 2897 notam
1300 2839 1374 2900 initae,

160 2948 242 3000 quum
263 2932 309 2984 ille
327 2930 396 2984 liber
415 2945 490 2984 ratur
510 2934 610 2985 llotnae
629 2949 766 3005 nunqnam
786 2930 877 2997 luerit,
896 2947 924 2987 et
942 2949 1027 3004 nuper
1046 2949 1080 2984 ea
1103 2931 1153 2985 illa
1173 2934 1249 2989 urbe
1266 2938 1373 2989 Venetiaa

161 3023 326 3096 exemplaria
345 3022 421 3095 plura
441 3027 525 3076 mitta
543 3029 615 3089 tint,
639 3024 709 3097 apud
728 3024 873 3080 Albritium
891 3022 1068 3096 bibliopolam
1090 3033 1271 3097 prestantia,
1294 3026 1372 3100 quibat

89 3128 95 3135 '
161 3129 250 3168 tamen
272 3113 376 3168 librarii
397 3115 523 3182 titulum,
544 3120 589 3187 qui
609 3122 684 3189 priua
704 3115 919 3182 desiderabatur,
936 3115 1090 3189 praefixere.

234 3206 277 3261 c1.
301 3208 409 3261 Malieii
434 3208 713 3274 Observataldtier.
732 3210 871 3264 volumina
898 3207 952 3264 duo
976 3213 999 3262 V
1025 3224 1051 3261 et
1072 3210 1113 3261 Vl
1141 3227 1218 3282 qnae
1247 3211 1373 3271 derident.

160 3299 255 3353 lubens
275 3300 375 3365 offeret
405 3306 523 3374 accipiet
542 3307 634 3355 rtatim
659 3319 690 3356 ac
709 3308 817 3357 occatio
836 3320 894 3357 tete
912 3299 1062 3375 praebebit.
1099 3301 1245 3376 Epittolit
1265 3306 1373 3375 triten

162 3398 299 3467 graphicia
328 3393 417 3447 adbuc
444 3410 543 3460 careo,
573 3393 640 3448 licet
667 3400 824 3467 aaepiatime
852 3393 988 3467 exemplar
1013 3389 1187 3465 ceciderim,
1223 3397 1297 3471 quod
1319 3395 1371 3449 uita

161 3487 275 3540 Molleio
309 3487 455 3541 obtulisti:
488 3505 554 3540 unm
589 3486 677 3540 adbuc
708 3488 803 3541 Turlci
832 3487 965 3542 tenaleti
1002 3483 1131 3540 Bonadae
1163 3490 1307 3545 volumina
1332 3488 1370 3540 dat

161 3595 277 3633 veneunt
303 3581 402 3633 Romae
426 3579 534 3635 Floren.
560 3578 625 3652 ilsp.
668 3581 701 3633 ln
727 3579 826 3635 claaaea
854 3580 957 3636 tributa
983 3583 1206 3653 epigrammata:
1248 3588 1370 3652 nniedqw

162 3672 241 3726 clanei
262 3668 432 3737 diraettntio,
455 3688 524 3744 quac
543 3669 576 3724 ad
598 3690 656 3725 tem
673 3671 755 3741 lacit,
778 3677 966 3746 praeponitur:
993 3676 1117 3724 carmina
1138 3674 1256 3730 Graeca
1273 3674 1371 3730 terail·

161 3765 268 3817 Luticia
285 3762 448 3817 redduntur:
469 3768 658 3818 annotatione·
676 3762 710 3817 ad
729 3781 760 3818 ea
779 3765 885 3821 brevet:
904 3762 1041 3819 interdum
1056 3764 1159 3821 malae.
1187 3767 1273 3825 Hanc
1288 3772 1369 3838 accipe

162 3857 225 3911 Vol.
239 3863 264 3911 2.
281 3874 307 3929 p.
320 3858 383 3919 586.
403 3860 607 3929 inacriptiouem
626 3860 694 3910 Vitii
713 3857 833 3911 Severini
853 3856 952 3911 adfert:

608 3961 644 4026 Q.
665 3941 742 4013 vtnI
761 3959 939 4013 sciantur.

516 4050 629 4105 arria
647 4043 825 4104 savarini
843 4054 879 4119 Q.
896 4050 1014 4105 vtatvs
1082 4054 1087 4061 ·

488 4170 497 4181 ·
542 4143 579 4197 0.
599 4142 713 4196 Nasus
733 4143 919 4199 PARENTES
947 4157 1002 4197 cet.

161 4254 194 4303 in
212 4267 306 4307 annot.
332 4216 456 4305 NESAa
470 4270 524 4324 pro
543 4252 667 4304 NEFAS
684 4271 743 4304 vor
752 4252 922 4324 srepttertiet·
940 4253 1023 4306 obvia
1041 4268 1094 4309 cai.
1130 4258 1239 4315 Nonne
1257 4260 1323 4314 haee
1336 4253 1372 4309 tibi

165 4343 270 4398 videtur
288 4344 472 4418 lepidissima?
496 4346 563 4399 Sunt
582 4344 756 4431 aliamulta,
774 4361 843 4417 quae
861 4351 1004 4414 annotari,
1021 4362 1089 4417 quae
1108 4366 1190 4406 nunc
1213 4351 1371 4409 σιωπῶσι

164 4453 219 4489 non
240 4452 327 4492 vacat.
962 4446 965 4451 ⁴

239 4532 316 4583 Breri
345 4527 490 4600 prodibunt
518 4529 714 4602 interiptionet
741 4532 958 4597 Beneventtnae,
988 4545 1040 4583 una
1073 4545 1143 4586 cum
1177 4526 1243 4592 aliia
1272 4532 1371 4593 eluda

167 4620 240 4676 urbir
258 4621 475 4692 antiquitatibut.
512 4624 612 4676 Bomae
632 4619 747 4677 eduntur
764 4621 831 4677 lolio
849 4628 983 4685 tnaxituot
1008 4636 1076 4677 nam
1099 4625 1187 4683 multi
1213 4646 1281 4685 ent
1303 4625 1371 4684 bodie.
