3066 5182
399 1348 1048 1435 PRAEFATIO.

138 1703 364 1752 Aleloltt.
400 1704 559 1749 reclus.
594 1703 795 1750 Melone·
830 1703 1023 1750 DEDICES.
1059 1698 1304 1750 FELICITER.

559 1821 646 1864 Denaris¹
657 1821 764 1874 lucrecio.
777 1838 794 1860 ν.
808 1821 901 1862 osorum
910 1820 1006 1864 Arcadico
1015 1821 1074 1861 1⁸2⁵.
1085 1820 1187 1862 Dicemus
1196 1836 1218 1875 1·-
1227 1821 1273 1863 366.

495 1987 906 2011 »ψ-

122 2123 251 2238 Hodie
273 2175 397 2258 quidem
422 2197 440 2237 a
463 2173 651 2258 philologis,
680 2172 799 2235 infinita
823 2172 876 2234 ius
902 2183 995 2256 atque
1019 2172 1051 2235 in
1076 2173 1142 2235 dies
1168 2184 1329 2252 crescente

121 2296 307 2357 errorum,
342 2296 373 2348 et
401 2286 598 2358 verborum,
635 2295 666 2346 et
695 2281 792 2346 omnis
822 2283 945 2367 generis
970 2294 1212 2365 praeceptorum
1237 2282 1330 2364 copia
1437 2312 1440 2317 ·

121 2415 217 2474 paene
238 2393 379 2469 obrutis,
405 2394 561 2477 postulari
582 2416 676 2478 qrrrrm
699 2392 756 2455 vix
776 2404 887 2476 queat,
917 2404 952 2455 ut
975 2404 1023 2456 tot
1047 2392 1182 2477 negotiis
1204 2391 1331 2455 distenti
1423 2404 1427 2411 “

120 2505 258 2588 integros
281 2526 377 2568 anuos
398 2484 584 2567 insumamus
605 2504 636 2566 in
657 2502 891 2584 inscriptionum
912 2524 1037 2587 quoque
1057 2524 1196 2585 corpora
1219 2503 1330 2565 sedulo

120 2617 348 2695 pertractanda,
371 2617 585 2695 excerpenda,
613 2613 799 2698 digerenda,
824 2623 871 2689 et,
894 2612 1071 2696 ubicunque
1097 2635 1177 2694 opus
1199 2624 1264 2690 est,
1292 2615 1332 2674 ad

119 2745 207 2786 usum
231 2728 382 2801 vocanda,
406 2724 545 2805 optabile
567 2745 639 2786 saue
660 2723 843 2798 videbatur,
866 2735 901 2785 ut
925 2723 1156 2804 compendiaria
1182 2725 1331 2805 quaedam

120 2833 170 2894 vin
195 2836 316 2897 tandem
342 2834 601 2907 communiretur,
636 2855 727 2915 quam
752 2831 886 2915 ingressi
911 2842 942 2895 et
967 2833 1109 2895 molestia
1133 2822 1187 2895 illi
1212 2832 1331 2915 aliqua·

119 2954 208 3005 tenus
230 2946 476 3019 sublevaremur,
506 2964 606 3028 neque
631 2955 731 3005 tamen
752 2943 887 3005 maximo
911 2964 979 3003 cunr
1000 2953 1127 3005 nostrae
1150 2941 1329 3022 disciplinae

118 3054 304 3117 detrimento
326 3053 581 3134 inscriptionibus
599 3052 696 3115 veluti
715 3052 868 3115 abstinere
887 3064 1085 3135 cogeremur.
1110 3053 1233 3131 Quotus
1249 3052 1329 3114 enim

117 3163 250 3247 qrrisque
274 3186 356 3225 nunc
382 3174 430 3226 est
455 3165 727 3247 mythologorum‚
758 3163 997 3239 historicorum,
1031 3163 1326 3237 iureconsultorum‚

116 3274 389 3356 grammaticorum
410 3274 539 3336 maxime
558 3273 761 3348 Latinorum,
792 3276 925 3358 quorum
949 3273 981 3335 in
1007 3273 1130 3352 seriptis
1156 3272 1328 3355 probabilis

115 3385 223 3445 saltem
240 3384 330 3447 buius
347 3384 471 3468 generis
492 3385 611 3446 eluceat
631 3382 784 3446 scientia?
824 3383 876 3445 Ac
901 3382 1000 3446 sicubi
1014 3383 1116 3468 aliqua
1132 3384 1196 3447 eius
1210 3383 1328 3464 species

114 3493 208 3555 nobis
227 3495 377 3570 offertur,
400 3493 516 3556 indices
533 3494 639 3575 potius
659 3493 879 3575 Scaligeranos
901 3503 932 3555 et
952 3494 1207 3568 Muratoriunos,
1236 3515 1329 3576 quam

113 3602 225 3665 titulos
243 3603 328 3683 ipsos
346 3615 471 3667 strenue
493 3606 670 3676 consultos,
701 3600 904 3683 porroissimos
924 3601 1032 3685 utique
1054 3604 1135 3664 ultra
1157 3605 1328 3665 Gruterum

112 3712 392 3797 Muratoriumque
425 3734 534 3794 supere
568 3713 734 3794 pervideo.
778 3714 889 3795 Neque
909 3724 1009 3774 tamen
1031 3723 1201 3793 propterea
1219 3732 1328 3794 quem·

112 3845 207 3905 quam
221 3825 436 3904 reprebend03
459 3844 559 3905 neqrre
574 3834 701 3886 nostros
716 3822 899 3906 philologos
914 3824 975 3885 boc
988 3823 1019 3884 in
1035 3843 1149 3905 genere
1164 3844 1244 3884 nuuc
1259 3843 1328 3885 cum

111 3932 253 4012 Lipsiis,
284 3933 471 4016 Scaligeris,
503 3933 681 4006 Fabrettis,
707 3932 865 4007 Mnffciis,
897 3933 1149 4016 Hagenbucbiis,
1183 3933 1328 3997 Muriuiis

111 4041 264 4104 committi
284 4063 414 4125 aequum
438 4045 628 4119 censuerim,
659 4043 726 4124 ipse
749 4044 893 4106 diuturna
918 4042 1110 4151 experientia
1134 4065 1228 4128 quum
1251 4045 1329 4106 ‹lidi-

111 4151 229 4225 eerim,
256 4174 347 4235 quam
369 4153 561 4217 laboriosum
583 4174 663 4235 opus
686 4165 881 4238 quiantaeque
909 4152 949 4215 sit
967 4153 1152 4235 patientiae,
1183 4154 1272 4217 buius
1295 4154 1327 4216 in

113 4261 294 4343 disciplinae
317 4274 472 4347 tamquam
493 4285 637 4327 recessus
657 4276 834 4345 penetrare.
878 4263 1003 4327 Etenim
1024 4265 1192 4348 fatigamur
1212 4266 1327 4349 ubique
1433 4347 1438 4355 .

114 4371 290 4435 incredibili
309 4374 472 4436 titulorum
494 4374 706 4448 multitudiue,
743 4396 760 4437 e
785 4375 897 4459 quilius
921 4374 996 4438 nihil
1019 4376 1144 4438 omniuo
1164 4376 1324 4455 proficias,

110 4481 172 4544 nisi
199 4481 226 4544 si
246 4483 383 4545 sterilem
404 4485 561 4547 nominum
582 4486 777 4567 plebeiorum
800 4508 836 4549 ac
858 4485 1015 4548 servilium
1037 4486 1176 4549 notitiam
1195 4488 1325 4566 adeptus

111 4593 379 4675 operaepretium
393 4594 549 4658 teleeisse
569 4606 673 4676 putes.
716 4597 881 4660 Eludimur
898 4616 1016 4678 porro,
1040 4598 1212 4681 misereque
1232 4617 1324 4679 saepe
