3066 5182
1321 255 1362 320 39

129 401 249 451 Tsslthl
261 400 350 455 lapides
363 399 413 446 onis
424 399 542 445 interdum
553 400 695 444 coniecturis
708 401 818 456 implesse
831 399 877 458 legi
890 400 914 445 in
930 393 1016 458 Proqs.
1031 395 1157 444 Thesauri
1167 394 1359 446 Burmunainni.

131 514 169 524 -
185 487 321 534 flectam
340 489 409 544 idque
423 487 536 532 iudicium
551 489 639 543 passim
655 486 806 532 confirmatur
821 501 834 529 a
852 486 1025 531 Torremuzan.

203 572 756 633 (12118028(11111111112151111111)11111ιί
767 570 899 630 Capitolini
911 575 1024 633 antiquae
1038 573 1165 630 Inscripti.
1178 570 1269 618 Romae
1284 568 1358 620 1775.

132 661 222 708 3h'ol.
241 663 271 706 ab
285 676 314 706 eu
329 669 424 708 curatae
442 663 487 706 huc
504 663 604 706 maxime
622 661 708 706 habent
725 661 884 714 incommodi,
913 662 973 718 qnod
997 675 1067 718 quum
1091 663 1215 719 pleraeque
1239 662 1285 705 iam
1307 666 1360 707 aute

130 750 317 802 nauseatur,
336 751 386 805 ipse
401 755 478 793 tamen
494 750 554 805 apud
568 761 626 806 quos
642 754 775 803 exstarent,
798 749 900 792 iudicare
916 750 1022 792 consulto
1037 751 1209 804 praetermisit:
1230 749 1298 804 idque
1312 762 1359 793 non

131 837 288 896 negligentiae
306 841 394 881 tantum
414 850 497 892 parum
515 836 638 890 laudabili,
668 838 708 881 sed
727 849 810 891 pravae
830 837 907 890 potius
926 837 1041 894 gloriolae
1059 836 1178 891 cupiditati
1194 836 1286 889 tribuo,
1314 850 1360 894 qna

131 928 217 970 ductus
240 924 358 981 incognite
380 924 430 968 iere
454 925 543 978 primus
564 923 702 978 produxisse
723 925 792 969 veltet
812 924 896 968 videri.
934 923 1078 967 Gravissima
1096 925 1166 982 igitur
1182 937 1233 967 cum
1251 923 1360 968 molestie

130 1011 312 1068 lnecn'ptionee
334 1013 392 1054 istae
416 1007 567 1069 Capitolinae
590 1024 744 1068 permagnus
761 1011 912 1055 collectiones
931 1011 1103 1069 investigandae
1122 1016 1188 1064 sunt,
1216 1016 1242 1054 ul
1259 1011 1359 1066 primum

132 1100 211 1143 editae
235 1112 249 1142 a
271 1098 356 1140 dudum
379 1099 440 1142 notis
465 1099 645 1154 distinguantur.
680 1097 784 1141 Errores
807 1113 821 1141 a
844 1097 967 1142 GVASCO
992 1099 1130 1142 commissos
1153 1099 1240 1153 passim
1261 1098 1359 1155 castigat

130 1183 262 1230 murima
275 1186 300 1229 in
314 1183 440 1242 inscriptt.
457 1184 560 1228 Attente
576 1190 601 1229 et
617 1183 694 1228 Actis.
711 1183 779 1229 Frnt.
796 1183 881 1228 Arent.

204 1272 422 1317 Gl’astsvm'vs
440 1271 538 1327 (Iulius)
559 1272 595 1315 Ex
611 1273 660 1316 eius
676 1273 768 1318 schedis
783 1272 888 1326 spuriam
903 1273 943 1316 dat
962 1271 1027 1316 Mur.
1046 1269 1125 1325 1797,
1145 1268 1169 1316 2.

203 1359 321 1405 ciniis
339 1356 525 1418 (illaqueatur)
553 1361 580 1403 de
605 1361 665 1403 inula
687 1358 731 1404 tide
755 1360 850 1403 minime
873 1360 930 1403 mibi
948 1365 1083 1415 suspectus,
1112 1361 1135 1403 iu
1153 1372 1261 1416 magnam
1280 1363 1357 1407 umen

132 1448 342 1504 reprehensionem
364 1448 449 1491 merito
472 1448 572 1491 incurrit
594 1447 688 1490 nimiam
711 1451 808 1502 propter
831 1447 1005 1500 credulitatem,
1039 1461 1083 1503 qua
1109 1446 1208 1505 Ligurii
1231 1446 1357 1490 falsissima

132 1549 240 1594 quaeque
255 1535 315 1578 haud
330 1534 417 1579 monito
433 1536 520 1579 lectore
536 1549 579 1590 pro
590 1535 688 1578 sinceris
704 1536 823 1589 amplexus
840 1539 889 1588 est,
906 1535 1069 1592 ingentemque
1084 1547 1192 1578 acervum
1209 1534 1289 1578 talium
1304 1546 1357 1577 eor·

132 1625 203 1677 rasit,
223 1623 306 1680 quihus
321 1635 385 1674 vera,
402 1623 470 1680 louge
486 1636 513 1666 ea
528 1623 648 1677 pauciora,
667 1623 703 1665 uel
718 1622 746 1664 ab
762 1623 813 1677 ipso
829 1622 888 1675 visa,
905 1623 940 1666 vel
956 1636 968 1665 e
983 1620 1120 1665 melioribus
1135 1621 1226 1666 schedis
1241 1620 1355 1674 Strozsii,

132 1710 269 1762 solemnii,
296 1706 416 1771 Clisfletii,
440 1708 545 1767 ilycquii
567 1701 690 1765 'desumpta
713 1721 786 1764 paene
811 1709 950 1753 obruuntur.
988 1709 1039 1764 Quo
1060 1709 1146 1752 iactum
1167 1714 1215 1763 est,
1245 1715 1357 1766 utquam

132 1794 320 1856 Spnnleemium,
339 1794 479 1849 Graculum,
500 1791 628 1853 Cuperum,
647 1796 763 1865 loannem
781 1795 810 1839 de
830 1794 902 1850 i'tta,
921 1792 1059 1848 Coruinum,
1076 1797 1145 1850 alios,
1163 1798 1299 1840 auctoritate
1314 1809 1356 1839 sua

133 1898 182 1929 non
196 1886 254 1928 salis
269 1884 383 1940 pensitata
397 1885 525 1937 permultos
543 1885 566 1928 in
585 1897 681 1927 errores
698 1884 855 1938 abripuisset,
887 1885 956 1928 nimis
971 1897 1037 1927 acres
1053 1881 1286 1936 etiamillurulorii,
1313 1879 1355 1927 Bt-

132 1970 226 2024 medi,
245 1968 342 2031 Muffeii
356 1984 465 2014 censuras
481 1971 636 2026 experiretur.
672 1972 891 2031 Medium-renuere
906 1970 1011 2025 sartae,
1030 1969 1046 2013 d
1052 1968 1185 2014 ’Oruilliue
1203 1967 1277 2014 Mire.
1295 1968 1354 2014 ote.

132 2059 164 2103 Τ.
183 2055 207 2102 3.
231 2055 294 2102 1711
314 2071 337 2112 p.
356 2053 412 2101 151.
432 2062 455 2100 el
471 2055 663 2116 Hageubuehiue
684 2059 771 2114 passim
788 2072 811 2101 v.
830 2072 851 2101 c.
874 2054 939 2101 Baba.
959 2058 1039 2116 epigr.
1059 2056 1124 2101 Mes.
1150 2058 1179 2101 Τ,
1199 2058 1230 2100 V.
1255 2070 1278 2111 p.
1297 2051 1354 2100 113.

132 2142 303 2199 ,blvutoriue
318 2157 377 2200 opus
393 2144 560 2189 GVDIANVM
575 2159 618 2201 pro
632 2161 678 2189 uon
695 2145 757 2189 edito
772 2143 852 2188 hahuit
866 2145 924 2189 hanc
939 2145 1009 2188 etiam
1026 2143 1055 2187 ob
1071 2157 1173 2197 causam,
1193 2145 1252 2200 quod
1266 2143 1356 2187 incuria

132 2233 250 2278 editorm
264 2232 396 2277 fraudatum
410 2233 441 2276 sit
456 2233 529 2278 indice
544 2233 662 2289 perfecto:
692 2234 753 2289 quod
772 2232 865 2274 nonnisi
883 2232 910 2276 de
931 2227 971 2274 23.
991 2231 1150 2286 accipiendum
1174 2235 1223 2284 eet,
1251 2229 1275 2272 in
1298 2241 1355 2272 voce

131 2319 196 2365 sex.
215 2315 334 2363 Claudius
352 2320 465 2375 abrupto,
493 2320 523 2364 ob
545 2320 698 2379 typographi,
731 2325 799 2376 puto,
834 2320 1015 2363 festinationem.
1061 2316 1176 2372 Optabam
1198 2321 1220 2360 et
1241 2329 1300 2374 ego,
1332 2318 1357 2359 ul

133 2408 203 2452 index
215 2403 257 2451 23.
276 2408 394 2462 perfectus
411 2408 494 2451 fuisset
512 2408 577 2451 datus
592 2407 621 2450 ab
637 2405 767 2461 Hesselio;
785 2421 858 2465 neque
875 2411 950 2449 umen
966 2405 1039 2463 magis
1052 2404 1082 2448 ob
1095 2405 1171 2460 ipsum
1185 2403 1273 2448 cvntt
1286 2416 1353 2458 opus,

133 2509 203 2553 qnam
218 2499 315 2550 propter
334 2494 509 2540 observationes
527 2496 555 2539 ad
573 2492 645 2538 Grut.
664 2492 760 2538 Reinee.
781 2493 856 2553 Spoa.
877 2491 994 2545 Febrem,
1013 2505 1071 2548 quas
1089 2493 1234 2549 legeremus,
1253 2491 1284 2543 si,
1310 2503 1356 2548 quo

133 2584 203 2625 modo
221 2582 348 2636 institutus,
367 2584 449 2625 eodem
468 2587 531 2625 esset
547 2581 682 2633 absolutus,
702 2581 785 2638 quibus
803 2595 863 2624 nuuc
882 2579 911 2622 ob
929 2580 1052 2636 abruptam
1068 2579 1137 2623 telam
1152 2591 1223 2637 aegre
1238 2590 1353 2622 caremus.

131 2669 184 2715 Etsi
202 2684 260 2714 vero
279 2670 330 2714 lud.
348 2665 389 2712 23.
412 2683 458 2713 nou
475 2671 507 2712 ait
525 2669 654 2724 perfectus,
685 2666 840 2712 Muratoriue
859 2673 934 2711 tuanen
956 2681 1027 2723 opere
1046 2665 1187 2710 Gvntatto
1205 2666 1274 2710 facilc
1293 2669 1356 2709 esset

132 2758 300 2814 commodeque
321 2767 390 2800 usus:
419 2757 479 2812 quod
500 2757 586 2800 iudices
606 2755 690 2812 reliqui
712 2756 773 2809 pleni
795 2756 818 2798 iu
837 2767 908 2808 opere
927 2753 1068 2798 Gvntalt'o
1086 2755 1184 2808 adsunt;
1212 2752 1295 2808 quibus
1316 2751 1354 2808 qui

132 2844 192 2888 bene
207 2845 239 2888 uti
255 2843 314 2897 scit,
339 2843 367 2886 ad
384 2857 440 2886 sara
458 2842 596 2887 GVDIANA
613 2843 663 2886 siue
683 2843 756 2886 indice
775 2838 817 2885 23.
838 2841 959 2896 pervenire
979 2844 1070 2894 polest.
1101 2840 1130 2883 iis
1149 2841 1226 2896 utique
1242 2837 1344 2892 exceptis

133 2945 192 2989 quae
216 2931 308 2975 nonnisi
332 2930 402 2974 iudici
427 2926 467 2974 23.
493 2930 565 2974 inseri
589 2928 716 2974 debebant:
745 2942 803 2986 quae
827 2933 851 2971 et
867 2928 918 2983 ipsa
935 2929 1061 2971 secundum
1079 2928 1185 2971 ordinem
1203 2927 1312 2970 classium
1331 2925 1354 2968 iu

132 3018 232 3064 canto
258 3019 288 3062 nd
314 3019 408 3061 modum
435 3015 538 3060 Gruteri
562 3017 721 3060 institutorum
743 3022 765 3061 et
788 3015 904 3070 alphabeti
928 3016 1048 3058 nominum
1070 3015 1175 3059 ordinem
1199 3013 1353 3069 sequentinm,

133 3107 254 3151 commode
273 3106 332 3149 satis
352 3104 486 3159 investigari
506 3119 518 3147 a
539 3101 677 3148 illurutorio
697 3105 837 3159 potuissent.
858 3115 880 3146 v.
901 3117 922 3145 c.
944 3103 966 3146 in
985 3103 1068 3146 affecta
1087 3102 1213 3145 Parentum
1233 3114 1285 3144 roc.
1312 3097 1352 3142 Ti.

133 3189 251 3238 0111111111
269 3192 339 3237 lubet
357 3192 417 3237 cut.
435 3189 494 3246 232,
512 3187 535 3236 5.
554 3191 618 3235 mur.
638 3189 711 3245 1151,
727 3189 750 3236 7.
771 3191 831 3234 Gud.
847 3186 905 3243 232,
926 3186 949 3233 7.
973 3191 1037 3234 Mur.
1052 3187 1125 3242 1152,
1143 3187 1165 3234 9.
1184 3188 1244 3232 (tud.
1258 3183 1315 3238 232,
1328 3183 1352 3229 8.

132 3282 197 3325 Hnr.
213 3277 294 3334 1152,
312 3275 325 3325 3
342 3284 365 3324 et
380 3276 404 3323 8.
424 3278 485 3323 Gud.
501 3275 559 3332 232,
575 3277 598 3323 9.
617 3278 681 3322 Mur.
698 3275 771 3332 1152,
788 3274 811 3322 7.
832 3273 966 3330 Gud.232,
983 3272 1022 3321 10.
1043 3278 1106 3322 Mur.
1124 3272 1197 3329 1152,
1215 3273 1255 3317 11.
1282 3274 1354 3318 Vides

133 3381 162 3412 u
177 3368 223 3413 leri
238 3367 381 3422 specimine,
412 3371 522 3423 quantum
540 3365 637 3411 iuvisset
654 3364 821 3411 Illurutorium
839 3364 927 3410 (tvnn
947 3378 1020 3419 opus,
1051 3365 1071 3409 si
1089 3378 1116 3408 eo
1134 3367 1197 3409 recte
1213 3361 1245 3407 uti
1260 3363 1352 3415 scisset,

131 3456 198 3514 sique
215 3469 244 3501 eo
260 3455 294 3499 nti
308 3460 372 3498 recle
387 3452 524 3498 voluisset.”
543 3478 575 3488 -

200 3543 352 3588 Sincerorum
367 3554 411 3585 nos
426 3555 517 3600 quoque
533 3539 725 3585 memorabilium
740 3554 787 3584 uon
805 3538 855 3584 siue
873 3539 958 3583 fructu
968 3538 1140 3593 excerpsimus,
1167 3537 1262 3581 reiectis
1280 3534 1353 3592 Lign-

132 3629 215 3674 rinnie
238 3628 361 3682 omnibns,
390 3629 435 3673 nisi
454 3628 492 3673 ubi
514 3630 565 3685 ipsa
583 3642 612 3674 ex
628 3629 709 3672 iraude
728 3629 817 3671 detecta
835 3626 924 3670 utilitas
942 3626 1054 3683 quaedam
1069 3629 1199 3677 caperetur.
1236 3622 1353 3666 Maximus

132 3721 210 3762 aulem
225 3729 281 3761 usus
297 3715 427 3761 Gvnmltt
443 3715 497 3760 libri
513 3716 536 3761 in
551 3730 579 3760 eo
594 3717 714 3769 cernitur,
743 3715 803 3772 quod
822 3714 871 3758 eius
891 3727 934 3767 ope
952 3713 975 3755 in
990 3709 1160 3763 Reiaeeiuaie,
1179 3708 1313 3765 Spoainaie
1331 3711 1354 3751 et

130 3801 296 3863 lobrettiae'e,
323 3804 395 3847 immo
419 3807 442 3847 et
466 3801 641 3856 Gruteriunie,
669 3801 807 3862 Ligariana
830 3801 920 3847 lucilius
943 3798 1082 3854 deprehendi
1105 3796 1241 3854 secernique
1264 3810 1277 3838 a
1298 3806 1352 3839 rere

132 3892 234 3949 antiquis
255 3896 361 3946 possunt.
1203 3908 1207 3915 ·

202 3977 431 4023 uvantumnvs
449 3975 574 4032 (Ioannes)
591 3977 626 4020 Ile
645 3976 688 4020 hoc
703 3972 915 4020 cvnNEnaLno
930 3977 1024 4029 eiusque
1041 3967 1147 4015 Tantulo
1160 3966 1351 4029 Chyndonuctie,

132 4067 215 4112 libello
224 4068 289 4119 item,
308 4067 345 4110 cni
359 4066 438 4109 titulus
457 4066 479 4107 le
496 4062 578 4107 Reoeil
595 4061 624 4107 de
642 4059 796 4123 Capadouuae
814 4059 900 4118 Dijon.
920 4057 992 4105 1621.
1010 4071 1061 4102 rent
1076 4072 1169 4102 omnem
1184 4071 1311 4116 cognosces
1324 4071 1352 4100 ex

130 4149 315 4213 Monlsnucom‘i
330 4149 530 4212 Palaeogruphin
547 4149 686 4211 Prolegom.
709 4164 731 4205 p.
745 4150 790 4193 vn
805 4170 838 4182 ·-
854 4147 886 4191 Χ.
909 4143 1030 4206 Keyaleri
1045 4145 1142 4206 Antiqq.
1160 4144 1234 4202 Septi.
1255 4158 1278 4200 p.
1293 4140 1350 4189 100.

129 4239 305 4302 Bugenbuchii
322 4238 386 4297 Epp.
405 4240 487 4298 epigr.
506 4253 529 4294 p.
546 4234 604 4281 211.

200 4326 387 4374 cwcfltttmt
406 4324 526 4381 (Samuel)
543 4326 650 4377 „Scaient
668 4323 789 4370 erroribus
807 4323 922 4377 iuscriptt.
941 4321 1190 4367 acvtcfltta'ottto
1205 4336 1227 4366 m
1241 4320 1353 4366 Historia

127 4412 272 4463 &bardica
289 4417 429 4461 relatae.·v.
449 4415 512 4469 Spon
532 4411 608 4458 ultae.
636 4429 659 4469 p.
681 4411 710 4458 97
730 4417 754 4457 et
772 4407 830 4456 267.
861 4412 925 4455 Mur.
947 4406 1009 4464 181,
1030 4409 1054 4455 2.
1084 4410 1198 4466 Lapitlum
1224 4410 1352 4467 fragmenta

128 4505 248 4550 interdum
263 4503 353 4561 iungit,
376 4502 565 4559 conglutinatque
583 4514 664 4556 parum
681 4503 776 4555 dextre;
804 4499 828 4543 in
846 4495 983 4555 quibusdam
997 4498 1074 4542 fucum
1089 4503 1128 4540 aut
1142 4496 1186 4542 sibi
1202 4496 1253 4542 fieri
1270 4509 1352 4552 passus

127 4600 180 4646 eet,
205 4594 313 4650 nutipse
328 4589 467 4643 feritatis,
492 4591 585 4648 spurias
600 4587 738 4648 epigrapbas
753 4587 961 4640 auledmillendo,
985 4592 1025 4630 aut
1042 4586 1196 4630 obtrudendu.
1222 4584 1273 4628 cfr.
1290 4587 1351 4640 spon
