3068 5182
118 384 123 401 Ι
167 306 221 363 ιιι
680 269 877 360 n1³1sn0nn
945 298 950 304 ’

165 431 229 485 dem
243 449 285 486 me
300 429 390 485 modis
408 436 536 504 excipite,
556 442 748 505 responsurum
766 450 810 486 me
827 432 898 486 nibil
915 449 983 488 este.
1009 412 1224 489 Contentioeus
1243 452 1273 491 et
1296 441 1404 491 tricator

165 542 223 580 nou
250 542 327 588 surn,
357 542 442 596 neque
470 528 599 596 opinione
627 528 680 577 rrtei
710 539 814 598 turgeo.
853 526 948 579 carius
974 542 1066 578 meum
1096 528 1176 580 mibi
1197 534 1285 597 'penit
1311 535 1404 594 otium,

165 633 246 688 quum
265 632 294 671 ut
314 621 341 670 in
361 620 483 669 minutiis
502 632 529 669 et
551 619 614 668 rixis
634 616 758 689 ingloriir
779 611 869 689 'seque
882 633 972 689 ,etque
998 619 1149 674 inutilibus
1182 622 1403 676 consumendum

165 726 269 785 putem.
307 710 379 771 Satis
399 709 467 762 mihi
486 724 526 761 eet
546 713 708 761 sententium
727 725 830 776 meum,
849 725 877 763 ut
896 713 1004 762 occario
1023 707 1093 778 fert,
1116 709 1245 766 eruditis
1267 718 1298 768 iu
1320 716 1403 768 medio

164 820 281 878 ponere,
299 819 461 873 eorumque,
480 816 615 873 utcunque
633 800 730 867 cadet,
747 800 850 859 iudicio
868 801 1037 860 submittere.
1071 806 1204 872 Doceat,
1223 811 1276 878 qui
1296 807 1402 861 meliore

164 899 258 961 notit,
279 904 313 949 ei
338 893 433 948 lubens
461 876 617 966 amplecter.
654 896 827 966 importunos
847 909 953 960 eutem,
978 912 1092 966 quorum
1114 901 1159 950 vis
1182 913 1211 951 et
1232 896 1354 952 facetiae
1378 906 1401 954 iu

164 992 263 1041 crassis
284 991 352 1041 sitae
371 1001 434 1040 sunt
453 990 602 1054 conviciis,
620 985 739 1040 Subur-ra
758 985 864 1060 dignit,
883 991 1040 1061 impotentia
1060 992 1151 1042 enimi
1174 991 1315 1058 indiciis,
1333 992 1401 1047 rideo

162 1077 348 1137 mediusfidius
375 1094 401 1132 et
429 1094 583 1133 contemno.
624 1079 688 1132 Non
715 1079 755 1133 illi
787 1080 870 1145 mihi,
900 1078 946 1132 sed
974 1079 1027 1135 sibi
1054 1097 1179 1149 nocent,
1214 1083 1399 1158 inuidiamque

163 1177 310 1236 concient,
334 1187 361 1226 et
378 1170 484 1237 bonne,
508 1175 532 1224 si
550 1185 629 1244 quum
645 1168 716 1227 {orte
736 1186 860 1239 tuentur,
887 1187 997 1225 cuussue
1015 1177 1116 1226 irarum
1139 1190 1169 1227 et
1189 1175 1344 1246 verborum
1363 1185 1398 1230 in·

164 1268 347 1339 temperentia
364 1261 510 1318 detrabunt
532 1280 613 1336 penes
632 1281 694 1332 eos,
722 1270 767 1337 qui
787 1281 853 1335 quot
872 1269 1002 1318 conuiciis
1022 1281 1146 1339 pugnare
1166 1265 1291 1335 vident,
1321 1276 1398 1345 proti·

163 1375 231 1423 nne,
259 1372 289 1410 ut
307 1356 361 1409 sibi
379 1354 498 1422 diffisos,
525 1354 662 1410 damnent.
700 1356 728 1411 st
746 1372 826 1430 prava
843 1371 922 1425 sunt,
946 1372 972 1410 er
992 1360 1101 1429 iniqua,
1129 1374 1160 1412 et
1183 1364 1342 1435 imperite,
1365 1381 1396 1430 et,

163 1455 188 1504 si
218 1455 273 1514 ιιι,
304 1447 443 1512 scurrilis,
482 1464 550 1519 quse
577 1464 623 1503 uut
651 1464 746 1504 contra
774 1449 829 1517 Te,
865 1464 911 1502 ιιι
942 1449 1025 1502 elium
1056 1468 1262 1526 quemcunque
1295 1460 1394 1529 scripti,

162 1556 325 1597 euenerunt
350 1545 411 1614 ipso
434 1545 525 1607 senio,
558 1555 585 1595 et
604 1545 662 1615 ipre
680 1546 782 1614 primus
802 1544 892 1614 agnitu
911 1539 1059 1610 deruntbo,
1088 1559 1117 1597 et
1137 1544 1220 1598 nullu
1242 1551 1301 1601 erit
1320 1563 1394 1616 aeter,

163 1652 233 1707 quae
253 1648 349 1707 sponte
367 1651 424 1686 non
442 1633 562 1687 damnet.
599 1638 634 1688 At
655 1633 739 1707 probe
756 1649 783 1688 et
801 1649 885 1705 aeque
907 1636 1079 1706 perrtsbunt,
1099 1635 1325 1713 quibuscunque
1344 1657 1394 1708 teu·

163 1727 225 1781 dem
243 1727 377 1780 machinis
402 1741 429 1782 et
454 1729 537 1779 ermis
556 1743 692 1801 petentur.
729 1729 767 1782 Ut
792 1728 850 1779 Tus
875 1725 962 1797 ieme,
991 1732 1032 1781 vir
1056 1727 1265 1797 celeberrime,
1299 1749 1316 1784 e
1338 1751 1395 1787 uteo

161 1824 271 1889 meique
289 1817 422 1877 simiiium
441 1816 544 1888 iudicio
561 1817 652 1873 debent
670 1836 729 1875 non
747 1819 898 1887 contrabit,
925 1823 965 1878 sie
982 1836 1068 1892 neque
1084 1836 1149 1874 meu
1168 1837 1185 1874 ι
1204 1823 1276 1878 Tuo
1295 1828 1393 1900 peridi-

161 1911 277 1967 esbitur.
313 1909 346 1964 ld
366 1927 470 1984 quoque
489 1912 527 1967 Te
546 1912 625 1966 velim
643 1910 823 1987 perpendere,
849 1909 934 1983 quod,
960 1916 984 1966 si
1003 1911 1065 1967 rnre
1083 1930 1167 1984 snm,
1189 1917 1311 1988 qualern
1330 1917 1393 1977 niu.

163 2009 233 2061 tatio
252 2007 311 2059 Tua
328 2020 371 2057 nte
390 2007 494 2076 pingit,
523 2008 639 2058 nimium
658 2005 769 2058 honoris
794 2020 854 2057 eum
876 2000 1039 2078 pubiicsndo
1057 2009 1087 2059 in
1103 2022 1151 2062 me
1170 2006 1333 2064 collaturus
1351 2015 1392 2064 sis.
1418 2069 1422 2072 ,

86 2162 90 2172 ¹
160 2097 254 2155 liomo
273 2112 329 2151 rem
348 2099 421 2149 viriis
441 2110 570 2164 ouurtue,
601 2112 658 2151 turn
683 2096 859 2171 undecunque
883 2093 1028 2167 absurdus,
1059 2113 1141 2170 etque
1171 2100 1230 2154 tibi
1252 2107 1329 2156 risus
1346 2100 1392 2157 iris

161 2205 258 2243 uuttor
277 2193 461 2254 recensionis,
476 2193 561 2271 *circu
581 2205 660 2262 quum
678 2205 769 2243 nostre
788 2188 823 2243 lis
845 2204 980 2255 versatur,
1006 2195 1148 2244 contemni
1168 2209 1319 2263 meretur,
1342 2215 1392 2250 nun

162 2281 284 2337 refutari.
306 2332 308 2337 ⁴
328 2281 402 2339 stiur
429 2281 519 2336 Tuum
550 2279 584 2334 de
614 2282 662 2335 illo
694 2280 825 2336 iudicium
857 2281 1048 2355 sycophantiae
1085 2299 1261 2358 suspectum
1293 2287 1391 2355 reddes,

162 2393 248 2447 eoque
273 2372 301 2429 id
325 2378 426 2447 mugit,
457 2391 511 2447 quo
536 2379 623 2447 utsgit
648 2372 725 2428 illum
749 2377 880 2428 conviciis
899 2390 1003 2428 oneres.
1039 2371 1143 2429 Videor
1159 2378 1241 2433 mihi
1264 2368 1390 2453 qusedsnt

161 2474 192 2524 in
216 2470 255 2529 Te
280 2483 404 2533 notasse,
435 2471 599 2538 quuecires
623 2467 676 2521 Tui
695 2465 760 2522 Tibi
784 2470 851 2521 vitio
875 2463 989 2520 iorturtu
1012 2483 1170 2524 verterunt..
1202 2471 1282 2528 Vide
1305 2494 1340 2531 ne
1362 2475 1390 2528 de

161 2561 249 2620 nibil'o
279 2565 314 2626 rit
345 2560 391 2614 ille
415 2576 562 2613 consensus
587 2560 727 2612 hominum
748 2574 805 2612 tam
822 2557 994 2625 dissitornm,
1025 2575 1053 2614 et
1079 2560 1159 2614 nullu
1188 2566 1390 2625 consuetudine

161 2660 331 2710 iunctorum.
371 2655 501 2726 lmuginis
520 2668 599 2725 quum
617 2657 693 2727 pinxi
717 2653 810 2720 Tune,
827 2651 933 2706 colores
952 2654 1009 2726 ipte
1026 2654 1070 2708 Tu
1085 2653 1176 2726 nihi,
1205 2676 1301 2718 memo
1319 2660 1390 2726 elius,

161 2747 385 2803 subministrasti.

235 2840 352 2894 Tnntum
372 2854 399 2891 et
418 2838 477 2891 Tua
495 2851 522 2890 et
541 2852 601 2906 mes
620 2852 723 2893 errem
742 2834 890 2890 litemrism
910 2840 985 2905 (rie)
1004 2840 1136 2892 interesse
1158 2843 1345 2899 sutumnbem
1360 2863 1389 2898 ne

161 2924 291 2983 nescires.
335 2929 415 2995 Vale,
445 2934 485 2982 rit
512 2929 689 2991 celeberrime
719 2943 798 3000 utque
827 2928 1026 2995 eruditissime,
1056 2944 1083 2983 et
1113 2932 1204 3001 mibi,
1242 2941 1269 2990 si
1303 2956 1388 3011 potes,

163 3027 290 3092 ignosce,
320 3033 347 3073 et
371 3036 447 3073 utere
472 3037 531 3088 me,
561 3026 584 3073 si
609 3037 661 3093 qua
688 3025 717 3074 in
736 3038 765 3075 re
783 3019 847 3075 Tibi
868 3021 941 3076 utilit
960 3039 1017 3076 esre
1034 3038 1127 3096 potest
1148 3026 1240 3080 bomo
1263 3035 1389 3104 ingenuit

162 3115 268 3169 i'rontir.
306 3116 532 3184 Nunqunmerga
550 3112 589 3179 Te
607 3113 799 3169 midunium
822 3111 878 3179 fui,
904 3132 989 3185 neque
1014 3132 1078 3179 ero,
1096 3116 1340 3195 ,qualemcunque
1357 3124 1389 3176 Te

160 3195 383 3280 mihi-praestes:
409 3202 628 3259 sed-doctrinam
646 3206 732 3259 Tuum
751 3220 778 3258 et
797 3210 907 3278 egregia>
925 3210 954 3261 iu
972 3206 1056 3261 bonus
1075 3199 1186 3267 lirerur=
1200 3221 1310 3271 merite
1327 3234 1392 3272 snm-

161 3319 270 3376 mopere
289 3316 340 3374 qus
359 3315 407 3374 pur
425 3314 483 3369 ert,
502 3298 658 3354 venerabor.
695 3296 785 3355 scrib.
804 3297 912 3372 Lipsiae
931 3298 958 3353 d.
977 3307 1004 3361 8.
1022 3298 1100 3355 Febr.
1122 3307 1215 3363 1752,

707 3723 709 3729 ’
725 3724 809 3785 xm.

528 3886 578 3944 Cl.
593 3896 641 3942 'et
665 3884 888 3942 doctissimo
914 3883 1005 3941 Viro
1102 3892 1104 3896 ’

200 3974 1308 4099 ·10An.cnsn‘nnnnnnvcn10
1406 4093 1408 4095 ,

356 4195 358 4200 .
687 4116 719 4173 S.
748 4115 783 4174 P.
802 4114 848 4203 pn.
954 4163 958 4170 .
1071 4116 1075 4123 ·
1378 4111 1381 4114 “

374 4270 377 4276 ⁴
447 4235 550 4281 ιοιιι.
573 4235 814 4283 rntncrsuvs
838 4207 1085 4285 suavinrrrs.
1110 4256 1113 4262 -

669 4346 866 4375 ..J-...—

233 4448 271 4515 ,L't
295 4417 399 4515 sutem,
420 4422 668 4519 cl.'iisge'nbucbi,
695 4445 793 4500 melius
818 4441 970 4517 intelligor,
995 4455 1112 4516 qutnnm
1130 4439 1168 4498 de
1188 4463 1278 4504 eeusu
1298 4451 1390 4507 iudicis

148 4528 447 4613 ‘meipuhiiesrionenr
465 4535 587 4594 in'eii'ud
609 4556 715 4614 ternpus
734 4537 882 4604 ιιιιιιιιιιιι,Ι
900 4552 927 4592 er
945 4539 975 4590 iu
995 4534 1069 4590 tuum
1088 4545 1268 4596 seutentiam
1289 4560 1391 4618 prorsus

156 4649 213 4687 nou
230 4630 357 4689 »edduetr
381 4631 416 4688 de
439 4624 585 4705 methodo,
615 4648 667 4706 que
686 4640 749 4688 usus
768 4648 845 4700 runt,
875 4627 963 4701 deque
986 4632 1037 4695 iit,
1068 4629 1138 4701 quse
1163 4650 1246 4690 nunc
1272 4634 1390 4692 'eddendr
