3066 5182
581 306 943 378 EPIGitAPilicA'vlss.
1314 321 1367 380 539

161 439 297 517 reversus,
322 440 448 523 quattuor
463 448 544 504 modo
566 454 687 523 priores,
709 449 779 520 quod
795 456 897 502 'neuter
914 446 1088 522 putabamus,
1112 435 1205 502 Turtci
1225 465 1253 502 sc
1272 447 1369 502 ltsbcre

161 542 318 616 respoudit,
345 541 426 611 Quod
444 542 607 615 significabis
624 548 756 616 pretium,
788 542 919 595 contiuuo
941 559 988 614 pcc
1007 539 1115 594 eosdem
1134 541 1297 594 Pettaluaios
1317 542 1371 594 lac·

164 652 207 691 tut
228 636 322 689 lubens
341 651 432 706 gratus
448 635 559 687 solvam.
636 662 639 667 ·

236 730 300 798 Png.
317 727 376 781 CX.
393 726 569 781 honorificam
584 727 735 792 llllCllll,
758 732 865 797 meique
884 725 972 779 fecisti
992 728 1182 788 mentionem,
1193 723 1226 777 dc
1241 723 1370 796 diptycho

164 834 243 891 agens
265 819 416 885 consulari,
448 818 518 890 quod
537 816 570 870 ael
589 819 659 870 hanc
681 818 752 871 dlc'm
772 818 868 871 viderit
888 835 982 883 nemo,
1009 833 1058 869 nee
1077 816 1158 868 laudo
1174 814 1281 887 quidem
1297 816 1372 870 audi·

162 917 245 964 verit:
275 915 303 964 in
322 911 535 984 quocorlsulare
556 909 653 982 cupitis
673 927 862 964 ornamentum
880 914 1064 983 conspiciatur
1083 907 1149 961 nrlco
1164 909 1316 980 singulare,
1340 926 1369 962 ut

164 1009 221 1058 elur
240 1001 328 1057 simile
340 1019 472 1074 nuquam
485 1002 550 1056 alibi
570 1002 714 1075 prodierit‘:
735 1009 812 1056 cuius
831 1018 920 1056 nutum
935 1000 1053 1055 consulis
1069 1005 1121 1067 sit,
1140 1005 1229 1072 priore
1246 1000 1370 1073 diptycltl

163 1092 396 1168 partetleperdita
415 1100 542 1167 ignorari.
579 1094 703 1160 Falleris,
729 1101 767 1148 ml
787 1095 907 1150 SCIPIO
927 1093 1122 1157 eruditissimo,
1150 1097 1279 1146 momoria
1298 1090 1374 1146 lulle-

164 1193 218 1250 ϊῖῑὶ
236 1203 298 1240 Μ
315 1191 448 1242 Δῦπῑωῐῑ
469 1202 493 1241 ³·
509 1187 573 1239 Chr·
592 1191 654 1244 517.
676 1189 793 1241 consulis
815 1205 888 1254 etse,
911 1191 1093 1240 certissimum
1114 1186 1181 1238 milti
1204 1196 1245 1239 ctt
1261 1203 1293 1238 ex
1308 1185 1374 1238 duo·

162 1279 214 1333 bus
236 1278 354 1335 eiusdem
372 1281 509 1333 'Anastatii
532 1277 667 1350 diptychis
688 1285 814 1351 integris,
840 1283 867 1331 in
888 1277 983 1350 quibus
1002 1277 1097 1331 consul
1117 1282 1169 1330 istc
1184 1276 1281 1330 eodem
1300 1282 1374 1350 capi·
1449 1330 1452 1337 ,

162 1376 200 1425 tls
225 1384 382 1425 ornamento
405 1369 611 1442 conspiciendus
636 1370 715 1424 dutus
739 1387 778 1425 ast
801 1370 834 1422 ab
853 1371 1035 1430 wilthemio:
1068 1367 1096 1423 itl
1118 1366 1189 1440 quod
1210 1369 1257 1422 TE
1274 1367 1374 1442 fugisse

161 1469 263 1532 miror,
280 1464 440 1524 Wiltltemil
462 1463 533 1515 libro
550 1461 652 1533 pridem
665 1467 842 1530 instructum,
868 1467 944 1515 culus
963 1467 1089 1534 pagiuam
1106 1469 1149 1518 22.
1165 1467 1193 1515 iu
1207 1478 1287 1536 opere
1299 1462 1373 1516 ’ΝΟ

154 1622 158 1631 Ι
201 1555 362 1609 rlectissimo
381 1553 414 1608 rlc
434 1555 657 1627 Amphitheatro,
693 1572 739 1608 teu
758 1556 885 1632 Veronae
903 1555 1064 1608 internatae
1093 1568 1165 1607 tomo
1183 1555 1228 1609 lv,
1249 1571 1309 1628 pug.
1329 1559 1373 1611 50'.
1481 1568 1486 1577 ·

183 1636 186 1641 ’
212 1653 274 1706 105.
295 1632 438 1720 adportes
458 1661 608 1701 vocarem.
647 1650 737 1716 Quum
762 1645 795 1700 dc
817 1647 953 1720 Diptyolro
974 1647 1083 1700 Baithit
1108 1643 1227 1700 consulis
1246 1650 1374 1701 Brixiauo

165 1745 390 1793 commentarium
413 1739 575 1805 scriberem,
597 1740 636 1791 tlt.
652 1741 727 1794 mv,
751 1755 810 1812 pag.
834 1743 898 1796 XX.
926 1753 1046 1810 repetem
1070 1731 1149 1791 debui
1167 1738 1374 1796 'Wiltlrcmlauo

163 1849 210 1885 mc
228 1831 298 1884 libro
320 1848 423 1885 careret
461 1848 514 1901 quo
535 1829 605 1883 baud
634 1831 719 1884 multo
746 1847 806 1904 post
834 1831 936 1884 editum
962 1829 1087 1885 volumen
1107 1831 1373 1900 QVlRlNlANVM,

164 1917 281 1996 quiu'ob
295 1924 431 1994 idipsum
451 1922 571 1990 editum,
589 1923 622 1974 ub
642 1927 809 1976 urnioissimo
830 1923 1079 1978 sciit-tucinam
1100 1939 1158 1977 sum
1176 1920 1299 1976 donatus.
1367 1935 1369 1963 ὲ

238 2016 278 2070 ad
303 2017 552 2069 Entincutisrirnurn
574 2015 756 2085 QVlIiINVM
776 2032 836 2088 pag.
861 2015 997 2069 ccxcii.
1023 2006 1079 2067 nou
1103 2013 1186 2066 morlo
1205 2019 1256 2068 tria
1271 2006 1374 2069 'diversi

164 2112 267 2180 poneris
284 2109 429 2160 cer‘tumiriu
448 2113 476 2159 iu
491 2107 592 2160 tabulis
604 2106 796 2179 ¹diptyohorum
808 2105 954 2160 areobindi
964 2107 1066 2175 tribus,
1086 2106 1252 2160 Gesneriaua
1269 2122 1296 2160 et
1308 2109 1376 2160 llot-

164 2205 330 2272 tingcriana,
347 2216 400 2252 reu
413 2199 516 2251 duabus
531 2200 740 2259 'turicensibca't
764 2216 792 2253 ct
814 2205 894 2253 tcrtia
911 2217 959 2253 reu
976 2201 1149 2264 Diviouontl,
1173 2202 1288 2272 spectari
1307 2199 1377 2253 scriss

164 2299 222 2365 psi,
241 2291 287 2345 ted
307 2290 407 2343 illdum
426 2290 531 2344 addidi:
552 2290 654 2360 ,Quod
673 2296 697 2344 si
716 2293 845 2365 Diptyelti
861 2293 1033 2344 Divionensir
1048 2290 1168 2344 tabulam
1182 2289 1301 2344 dextram
1319 2289 1374 2344 lore

112 2407 114 2412 ⁴
163 2383 272 2439 lortuua
289 2382 413 2449 offer-ret,
437 2385 714 2457 ucilottiogcrlanum
731 2383 846 2449 obtulit,
870 2399 993 2453 quartum
1008 2381 1144 2454 quoddam
1159 2387 1315 2436 certaminis
1331 2402 1377 2453 ge-

165 2494 214 2531 nus
231 2473 408 2531 rideremuae’
446 2475 475 2533 Si
494 2480 547 2528 ism
566 2491 631 2528 tunc
649 2475 811 2532 Wiltlremii
828 2475 898 2528 liber
914 2476 946 2528 ad
972 2491 1065 2527 manus
1083 2473 1206 2541 luisset,
1221 2474 1377 2546 tuperadrliss

166 2566 265 2631 rlittcm
284 2573 378 2621 ctiam:
409 2569 443 2621 lu
469 2565 605 2643 diptychis
629 2566 909 2640 Aucstasiitluobut,
942 2585 989 2624 teu
1010 2566 1110 2620 tabulis
1135 2584 1229 2620 corum
1248 2583 1375 2636 quattuor

166 2656 402 2732 srlhcoptuditis,
429 2657 532 2715 duabus
551 2656 744 2711 Leodicnsihus
765 2675 791 2713 et
813 2657 915 2714 duabus
934 2659 1164 2724 utrurteenrtuus,
1190 2642 1376 2730 quantumi-¹

166 2767 300 2814 sertorum
326 2750 452 2808 ludorum
473 2767 570 2822 gencra
597 2754 729 2822 conspici.
767 2751 872 2821 Quibus
891 2757 1016 2821 quintum
1035 2749 1142 2804 tundent
1159 2756 1273 2804 accessit
1291 2753 1320 2803 iu
1337 2765 1376 2802 ta·

164 2841 227 2899 lrula
245 2843 328 2899 altero
344 2844 467 2916 ‹lipiychi
487 2847 657 2901 Anastasiuui
673 2848 763 2910 tertii,
800 2849 876 2898 cuius
897 2842 1014 2896 tabulam
1035 2847 1153 2915 priorum
1172 2860 1220 2897 seu
1238 2841 1375 2896 dexteram

164 2939 187 2991 ii
209 2935 265 2990 loti
285 2933 393 2991 lctttttia
417 2935 470 2990 lul.
490 2935 648 2990 MAFFEIO
671 2935 795 3002 ollcrrct,
839 2951 868 2988 ttt
893 2934 1016 3008 diptychi
1039 2933 1231 2988 Areoblntlianl
1259 2935 1375 2988 tabulatu

165 3026 397 3098 llottiugcriaucm
416 3029 485 3084 milri
502 3027 617 3091 obtulit,
639 3043 744 3081 sextum
761 3025 894 3099 quoddam
909 3026 1035 3079 ludorum
1051 3045 1132 3099 genua
1153 3027 1313 3082 rideremus.
1364 3065 1368 3072 ·

166 3168 170 3175 ,
234 3119 275 3179 Dc
298 3119 368 3173 libro
386 3119 700 3185 meoQV1itttl1uti0,
722 3137 802 3188 quom
818 3136 881 3173 cum
898 3120 1024 3192 epistolio
1044 3118 1078 3171 ad
1095 3121 1142 3173 ΤΕ
1160 3118 1288 3176 Kalendis
1300 3121 1378 3172 Mar-

164 3214 211 3271 tiis
229 3208 435 3264 Moccxux.
452 3213 581 3273 mierum,
611 3209 679 3262 licet
701 3229 734 3263 ex
758 3228 790 3267 eo
810 3227 930 3280 tempore
956 3210 1026 3263 nihil
1051 3228 1159 3281 prorsus
1183 3211 1322 3265 litercrum
1342 3211 1384 3283 πάι
1445 3248 1449 3254 .

165 3318 208 3359 mc
224 3298 347 3367 dederit,
373 3315 447 3353 recto
463 3299 510 3355 ‘rii
530 3316 608 3371 sporo
629 3304 781 3374 acccpiaac,
807 3302 871 3373 quid
889 3303 979 3368 Tllil,
998 3301 1129 3354 italorum
1148 3301 1317 3368 doctissimo,
1337 3305 1376 3354 ri-

165 3392 273 3457 deatur,
292 3397 321 3444 iu
339 3397 434 3463 primis
454 3407 521 3462 quac
539 3390 618 3443 obelo
635 3397 789 3457 notaveris,
813 3397 893 3445 nimis
912 3397 993 3464 cupio
1009 3397 1088 3446 sciro.
1124 3390 1242 3458 Eadem,
1260 3409 1373 3463 quaeso,
1445 3456 1448 3462 Ι

164 3501 263 3555 opera,
300 3502 352 3554 quo
380 3483 441 3551 loco
466 3501 548 3554 quum
577 3500 664 3537 meam
688 3488 717 3535 in
739 3485 866 3554 epistolio
885 3501 938 3554 quo
957 3482 1012 3535 dixi
1033 3482 1189 3536 brevissime
1209 3490 1375 3556 expositum,

165 3592 222 3634 tum
241 3577 394 3631 altimum
413 3580 443 3629 iu
457 3577 519 3631 Em.
535 3577 678 3645 QVlliiNl
695 3573 729 3628 ud
747 3574 1044 3654 Lnoomaastnvut
1060 3575 1174 3648 epistola
1191 3578 1258 3630 mihi
1276 3574 1376 3630 lectam

163 3668 219 3739 loci
237 3668 365 3724 Dionis
382 3672 544 3722 vexatissiuu
561 3666 791 3732 curcudatloueut,
810 3667 927 3734 babeas,
950 3686 992 3720 mc
1011 3666 1105 3723 edoce.

237 3778 286 3830 Per
303 3780 385 3841 rnilti,
414 3796 477 3850 per,
506 3783 630 3848 iuquam,
658 3779 724 3833 milri
753 3777 849 3829 occultu
872 3776 1045 3842 acciderunt,
1076 3795 1142 3848 quac
1168 3779 1243 3830 Mus.
1271 3777 1375 3832 Veron.

163 3885 224 3941 pag.
245 3871 429 3923 ccxxxix.
454 3871 507 3923 col.
531 3887 555 3923 ι.
579 3870 624 3923 liu.
646 3869 697 3922 col.
720 3869 747 3922 b.
768 3875 829 3924 init.
849 3872 1047 3924 storucclroriur
1074 3875 1191 3944 scripta,
1220 3885 1263 3938 ct,
1292 3886 1322 3924 ut
1342 3870 1376 3922 ab

163 3960 320 4045 nutantibus
332 3966 409 4014 iratis
427 3961 511 4029 solct,
536 3967 566 4015 ln
583 3967 670 4017 maius
689 3976 768 4016 auctu
786 3961 924 4016 edidisti:

235 4069 315 4123 Otiul.
335 4090 371 4122 ex
390 4071 477 4123 Ponto
495 4079 528 4128 2:
547 4078 579 4127 2:
598 4078 642 4133 25.
736 4101 738 4106 .

342 4164 399 4215 Seri
411 4165 473 4215 licet
491 4162 681 4235 armascras,
707 4174 735 4218 ct
751 4146 866 4217 urrlraera
883 4183 969 4219 saeva
987 4171 1114 4227 minet-is,-
1213 4159 1215 4163 ’

305 4264 307 4269 ’
417 4257 483 4307 Non
498 4264 592 4308 iametr
608 4254 732 4326 efficies,
759 4266 861 4309 nortui
881 4277 971 4311 amere
993 4257 1067 4311 milti.

162 4349 264 4418 Neque¹
280 4363 389 4419 possum
418 4348 527 4400 'l'iicum
549 4354 677 4419 conqueri
703 4348 735 4401 tle
763 4355 815 4401 ista
844 4351 985 4402 verborum
1014 4351 1168 4403 TVORVM
1195 4350 1374 4418 contumelia,

163 4454 306 4511 postquam
324 4439 425 4503 literis,
454 4440 550 4505 credo,
575 4445 643 4493 meis
662 4440 747 4513 pridio
770 4443 841 4495 Nou.
860 4443 917 4494 lan.
940 4444 1020 4499 1749.
1037 4441 1069 4493 ad
1086 4443 1133 4493 ΤΕ
1154 4448 1244 4496 mistis
1265 4443 1298 4494 ad
1314 4459 1374 4496 eam

163 4535 247 4583 animi
271 4535 432 4602 aequitatum
454 4550 482 4585 cs
509 4533 645 4605 delapsus,
679 4548 707 4583 ut
726 4549 783 4604 pag.
806 4535 1050 4587 CCCCLXXXVI.
1069 4528 1097 4586 ist
1112 4534 1292 4587 Emendaudis
1308 4535 1375 4584 ltuco

162 4640 288 4695 poucrca:
320 4625 371 4693 „lt
391 4628 453 4684 259.
471 4640 495 4678 c.
516 4631 542 4682 1.
567 4631 594 4678 in
615 4625 666 4678 iiue
683 4624 811 4677 indicitis
829 4626 966 4678 Deorum:
999 4627 1090 4695 Quum
1109 4631 1159 4679 vlri
1183 4625 1257 4681 docti
1273 4623 1375 4679 ludica·
