3066 5182
156 289 212 347 tis
597 354 601 361 ,
660 284 857 345 nmsront

153 418 242 471 rerint
263 414 406 488 legendum
425 416 580 473 siivtrio
605 415 642 490 (r.
664 416 739 472 Mur.
760 423 830 479 ¹02,
851 414 890 491 7.)
913 412 1035 471 eruditur
1060 411 1185 485 qnidam
1207 409 1244 465 ad
1261 412 1385 483 Equitem

154 524 207 563 cet.
228 508 320 563 literas
340 509 432 577 dedit,
453 509 607 574 obtestans,
633 509 751 562 Caetera
768 527 835 579 quos
852 507 910 561 lter'e
927 507 1133 559 intermdiem
1149 505 1259 565 deier'·
1291 505 1384 575 qutun

153 605 273 673 primum
292 606 355 655 risis
374 606 466 655 statim
485 599 518 653 ad
537 616 568 653 ea
591 598 717 673 coniugi,
736 616 804 672 qnae
821 598 891 672 apud
909 602 1021 654 rotun
1042 612 1222 670 aquantur:

314 750 317 755 ,
336 697 438 765 Puppis
458 692 675 745 Achaemeniden
693 694 809 745 Gras'rrrrr
826 692 947 746 Troiana
965 697 1087 763 recepiit
1133 727 1136 731 -

405 782 520 856 Prosut'i
536 793 563 836 ct
582 785 668 858 Myso
691 786 781 840 Pelias
799 783 884 837 inerte
896 785 966 836 duci.

224 877 327 944 Missa,
351 892 419 950 quae
439 877 508 930 mihi
526 874 598 930 iacta
614 875 667 931 init
685 880 785 930 iniuria
797 876 977 942 Putitii,
1003 889 1086 947 qnam
1110 879 1156 928 ita
1177 890 1303 940 uocans,
1330 893 1379 945 qao

152 970 221 1023 mihi
237 970 300 1025 loco
315 975 369 1034 sis,
401 986 454 1042 quo
471 970 540 1022 mihi
557 967 620 1023 luco
637 968 751 1037 colaris,
775 967 889 1035 candide
907 983 935 1023 et
952 986 1012 1021 rere
1027 967 1145 1035 scribo,
1170 969 1208 1019 ab
1227 967 1380 1020 Emmdaa·

151 1063 249 1118 dorum
265 1062 420 1117 Tvoitvm
438 1061 517 1128 ioco,
545 1066 666 1133 quamvis
686 1077 762 1115 tanta
777 1061 945 1115 humanitate
964 1065 1082 1132 scripto,
1115 1076 1148 1113 at
1168 1058 1205 1112 de
1222 1060 1377 1117 sibvlssil

154 1151 262 1209 tacendi
283 1159 473 1208 necersitatem
489 1152 557 1206 mihi
573 1157 712 1226 imponat,
742 1153 862 1209 nundum
880 1169 971 1206 tamen
990 1152 1072 1215 abeo;
1097 1157 1169 1222 qnia
1186 1155 1317 1206 detinent
1338 1169 1376 1204 ne

150 1245 220 1301 haec
235 1245 316 1300 verba
333 1262 468 1312 extrema,
489 1263 556 1316 quae
574 1243 632 1297 heic
645 1246 856 1312 intermedium,
881 1245 971 1318 paullo
994 1261 1073 1311 ante,
1095 1231 1236 1297 eiusdem'
1247 1260 1317 1320 puta
1333 1260 1376 1299 co-

151 1337 259 1392 lumnae
279 1343 375 1405 initio,
406 1356 510 1410 quoqne
530 1353 545 1389 a
564 1339 612 1391 ΤΕ
632 1343 736 1410 posita,
763 1357 831 1409 quas
854 1337 1058 1391 intermedinnt.
1096 1338 1182 1391 naue
1200 1337 1265 1389 stili
1283 1336 1376 1389 barba-

151 1435 221 1485 tiam
239 1430 370 1485 facillime
388 1435 515 1485 evitasses
531 1427 657 1504 ponendo
672 1429 831 1502 utrobique,
860 1447 928 1500 qm
948 1428 1112 1483 iaterrtedia
1133 1437 1223 1489 sanir
1247 1445 1302 1482 aea
1319 1428 1375 1483 bra-

151 1528 210 1585 Ιιίιιι
229 1523 449 1597 participialiter,
475 1521 654 1586 intermedia,
679 1538 717 1575 sc.
737 1516 819 1579 ὄντα.
856 1522 948 1575 Meam
970 1519 1091 1574 sordium
1110 1520 1243 1575 Fahtetti
1264 1539 1374 1573 nma-

149 1632 245 1668 aarum
264 1617 499 1688 reprehensionem
514 1628 611 1669 contra
627 1614 674 1666 TE
691 1616 760 1667 tueri
780 1612 870 1667 debui.
906 1615 985 1669 Nunc
999 1632 1032 1666 ex
1049 1613 1095 1666 Tit
1114 1627 1244 1684 gauro,
1267 1629 1305 1667 an
1322 1622 1376 1669 a·

151 1707 258 1761 soloeca
277 1722 360 1778 aeque
377 1710 450 1772 sint,
469 1722 536 1778 quae
551 1706 630 1771 iiiii,
645 1704 710 1758 stilo
726 1720 816 1759 cetera
831 1709 904 1777 gravi
919 1721 946 1759 et
964 1720 1060 1759 ornato
1072 1709 1191 1769 utenti,
1215 1704 1376 1761 exciderat

150 1804 255 1865 rerins,
284 1814 365 1871 quam
380 1815 445 1871 puto
471 1797 628 1871 probentur.
667 1799 851 1871 Inscriptioa
877 1793 968 1851 Gudiu
990 1804 1138 1863 emmau,
1167 1796 1203 1849 tle
1230 1798 1310 1867 Sigi-
1329 1799 1376 1851 Gr.

151 1907 213 1965 pag.
236 1893 283 1948 69.
308 1908 358 1964 pro
382 1908 449 1962 quoe
469 1897 620 1945 ammorii.
656 1894 821 1953 liar-vorm
847 1893 933 1958 (etas)
957 1905 1009 1963 pro
1022 1893 1204 1960 pomeriata,
1232 1894 1320 1944 initio
1334 1907 1376 1963 tp.

151 1986 213 2041 XV.
228 1988 296 2036 Ant.
321 1983 393 2036 Gaii.
411 1984 461 2037 rei.
484 2001 544 2058 pag.
559 1986 606 2041 69.

166 2112 170 2119 -
224 2084 312 2139 Aries
327 2086 395 2139 ders
410 2091 530 2141 sustinui
548 2086 596 2140 iii
614 2086 683 2140 mihi
701 2084 834 2139 obiecisse
855 2085 976 2136 memini.
1013 2082 1093 2137 Noae
1110 2085 1250 2150 inuenio,
1279 2101 1327 2139 aas
1343 2082 1376 2137 ad

150 2176 325 2232 Bouhierinm
339 2197 408 2249 pag.
429 2184 472 2240 15.
490 2180 538 2233 lire.
557 2181 585 2237 6.
601 2183 742 2251 scripsisse
759 2177 799 2231 ad
814 2186 857 2241 ie,
877 2176 932 2230 Vir·
948 2178 1131 2242 gravissim,
1154 2175 1230 2227 tiore
1244 2181 1374 2241 armni,

150 2273 199 2339 qni
217 2267 284 2322 urdo
301 2270 442 2324 verborum
454 2286 576 2324 meorum
587 2287 677 2324 nonne
693 2270 726 2322 ab
742 2285 855 2323 numero
870 2271 980 2341 poitico
994 2270 1060 2320 satis
1078 2264 1161 2321 abiet
1201 2268 1375 2323 choriambo

149 2376 242 2414 antem
258 2361 400 2434 periodum
415 2362 555 2430 claudere,
585 2367 645 2436 quis
667 2377 786 2436 anquam
799 2358 1004 2416 reformidavit?
1040 2356 1093 2414 sei
1111 2358 1188 2414 haee
1203 2358 1284 2416 levia
1301 2377 1373 2417 anat.

149 2453 238 2528 Pergo
257 2456 290 2508 ad
314 2454 396 2511 alind.

202 2634 210 2643 ι
223 2565 370 2640 Obstupui,
382 2564 478 2632 fateor,
493 2583 575 2637 quum
595 2563 770 2639 praelationis
782 2562 875 2618 'i'vtii
891 2561 970 2616 rerba
985 2564 1098 2634 paginas
1112 2572 1236 2617 oetam
1252 2578 1375 2619 nuent

148 2648 282 2732 lepiirsm,
320 2675 352 2713 ac
374 2663 396 2713 si
420 2677 479 2733 pag.
496 2661 540 2719 iii.
559 2677 632 2725 non,
662 2672 695 2712 nt
714 2662 743 2710 in
761 2659 882 2728 margine
897 2659 999 2709 omissa
1017 2653 1193 2737 parenthesis
1212 2670 1287 2710 nota
1308 2662 1374 2710 citas

148 2767 177 2824 p-
193 2753 237 2812 8¹1.
260 2752 406 2805 Muratorii
424 2752 586 2819 consilium,
620 2754 810 2821 inscriptiones
826 2752 855 2801 in
871 2763 991 2801 veterum
1009 2762 1153 2800 aucturam
1169 2745 1255 2800 libria
1277 2749 1372 2803 datas
1402 2744 1409 2757 ‘

149 2845 180 2894 in
202 2859 281 2894 sunm
302 2843 472 2895 Thesaururn
488 2841 669 2915 importandi,
702 2860 758 2896 non
775 2839 923 2906 damnans,
943 2842 1009 2911 qnin
1025 2836 1158 2905 landant,
1181 2839 1213 2892 id
1232 2841 1311 2895 mihi
1329 2858 1373 2895 ro·

149 2930 273 3002 inissem,
299 2935 369 2989 nihii
392 2950 435 2985 me
461 2931 626 2987 discriminis
648 2949 766 2987 statuere
790 2936 860 2986 inter
881 2935 1085 3003 inscriptiones,
1108 2944 1232 3002 qnae-ez
1252 2950 1373 2988 marmo-

149 3020 224 3074 ribus
253 3029 318 3097 ipsis
346 3029 386 3077 rei
410 3026 597 3097 epigrapbioae
620 3029 780 3098 peritissimi
804 3028 856 3078 riri
880 3027 1078 3084 recensuerinte
1109 3036 1227 3096 atquae
1242 3024 1372 3080 doetiea

148 3113 266 3167 aliorum
285 3131 391 3169 tantum
406 3116 529 3184 schedis,
564 3117 697 3190 flagitiose
716 3134 795 3192 taepe
811 3121 962 3190 corruptis,
984 3112 1164 3188 prodiderint.
1206 3116 1296 3188 Quod
1313 3136 1371 3191 per·

149 3205 293 3260 absurdum
311 3226 354 3261 me
373 3225 459 3281 neque
478 3209 622 3282 protulisse
636 3226 763 3282 nsquam,
783 3226 869 3281 neque
887 3213 1036 3262 somniasse
1050 3222 1191 3278 unquam,
1208 3226 1292 3264 certo
1305 3215 1371 3264 seio.

149 3299 273 3354 ‘l'itulum
294 3303 444 3355 Proaeresii
470 3301 541 3375 apud
565 3300 722 3375 Eunapiunt'
744 3301 934 3356 inveniendum
956 3300 1141 3355 obduratorio
1163 3307 1264 3357 notari
1280 3303 1371 3376 negle-

149 3400 223 3445 ctum
243 3411 316 3447 esse:
346 3413 427 3466 quem
448 3399 470 3448 ai
491 3400 519 3448 in
536 3395 660 3469 Eunapio
678 3394 731 3465 legi
750 3398 889 3459 solvisset,
918 3391 1085 3447 hauddubie
1103 3389 1246 3460 dedisset,
1279 3412 1318 3449 ne
1337 3394 1370 3447 ab

149 3489 269 3539 instituti
288 3491 330 3539 sni
348 3492 453 3540 ratione
475 3485 640 3542 deflecteret.
677 3490 754 3542 lianc
772 3490 846 3540 enim
864 3491 893 3539 in
911 3484 1064 3556 colligendo
1081 3484 1229 3540 Thesauro
1243 3503 1300 3541 sno
1318 3488 1369 3540 sihi

148 3577 236 3650 legem
254 3578 327 3646 lixit,
355 3578 451 3633 'edendi
467 3579 546 3632 nullo
561 3579 657 3633 hahita
678 3577 849 3633 discrimine:
874 3580 898 3632 i.
914 3578 1113 3650 Epigrammata
1130 3570 1226 3633 adhuc
1243 3584 1277 3633 in
1297 3594 1371 3634 scta·

149 3676 198 3724 stis
218 3670 352 3743 lapidibus
370 3675 525 3725 exsistentia
548 3669 631 3746 (nude
650 3670 721 3724 unde
740 3686 867 3744 accepta,
905 3674 961 3723 sire
985 3668 1020 3721 ab
1039 3665 1227 3738 nindmmr,
1256 3677 1319 3726 sire
1339 3688 1371 3725 ex

146 3761 270 3829 tcbedi's,
297 3768 352 3817 sire
373 3782 405 3817 ex
423 3769 605 3816 recentiorum
628 3763 732 3829 libris.)
770 3765 809 3818 ΙΙ.
829 3764 1046 3834 Epigrammata,
1068 3776 1135 3831 quas
1152 3760 1264 3816 dudunt
1283 3768 1370 3837 perit·

147 3871 227 3921 runt,
248 3872 275 3910 st
292 3862 321 3909 in
338 3861 394 3910 soit
411 3854 488 3908 iibrir
507 3871 609 3909 veteres
627 3856 707 3909 nobis
721 3870 874 3908 servantur:
901 3837 1053 3907 cuiusmodi
1067 3869 1109 3906 est
1125 3854 1288 3910 Proaeeesii
1305 3862 1371 3911 tita-

147 3948 190 4002 lus
207 3950 241 4000 ab
253 3949 376 4020 Eunapio
393 3947 472 4000 nobit
488 3964 617 4003 rervatns.
656 3949 708 4003 lii.
722 3949 939 4020 Epigrammata,
958 3962 1025 4016 qnae
1040 3962 1096 3999 nun
1111 3945 1236 4016 amplias
1251 3964 1371 4013 antam,

149 4056 178 4092 at
194 4046 222 4093 in
238 4039 344 4093 schedis
360 4044 523 4093 recentiores
542 4040 621 4094 nubis
642 4056 790 4094 servarunt.
828 4040 888 4092 Hoc
909 4040 1053 4095 Muratorii
1078 4036 1234 4093 consilinm
1260 4056 1375 4105 tantu.

150 4130 281 4185 abluitur
298 4131 467 4184 damnarem:
486 4131 592 4186 laudari
607 4138 708 4206 potius,
725 4151 752 4189 r.
765 4146 792 4184 et
806 4149 885 4188 reon.
903 4148 932 4202 p·
944 4131 1009 4191 isi.
1027 4129 1077 4185 lin.
1096 4134 1141 4186 iii.
1158 4145 1190 4185 at
1206 4138 1369 4187 etiamnunc

150 4219 239 4278 laudo.
277 4224 380 4291 Habes,
404 4242 457 4295 quo
472 4242 552 4281 sensu
570 4227 716 4280 Muratorii
736 4221 927 4297 ego'landator
942 4240 970 4292 p.
990 4224 1035 4285 ab.
1051 4225 1109 4274 sins
1123 4221 1197 4273 mihi
1218 4223 1304 4277 rerba
1316 4231 1369 4277 sin

151 4317 356 4385 interpretatur,
386 4321 521 4389 proxime,
555 4314 637 4370 credo
660 4317 694 4369 ad
717 4332 836 4369 mentem
853 4309 937 4388 ipsius
955 4315 1114 4369 Muratorii:
1149 4329 1241 4370 tamn
1258 4315 1369 4389 quide·

152 4420 224 4459 certe
240 4405 318 4477 longe
336 4409 405 4472 alio,
432 4425 512 4480 quarn
538 4425 621 4478 quem
645 4409 722 4462 'l'lBl
744 4406 778 4461 de
800 4425 844 4463 me
863 4406 991 4481 fingebas.
1027 4411 1118 4478 Quam
1138 4403 1231 4474 bene,
1257 4426 1370 4482 qnamra

151 4498 221 4553 maie
238 4512 350 4567 magnus
370 4504 458 4568 magni
475 4498 537 4552 iibri
554 4516 630 4573 pater
648 4498 764 4554 mediam
783 4501 893 4553 consilii
912 4505 953 4554 sni
969 4514 1089 4572 partem,
1114 4496 1149 4552 de
1165 4517 1224 4571 qua
1244 4518 1309 4576 pag.
1326 4505 1371 4564 ai.
1438 4524 1440 4575 ᾗ

151 4608 196 4645 me
212 4593 297 4664 egisse
313 4589 438 4645 omnihus
453 4592 544 4664 paitru
556 4607 614 4659 eat,
635 4597 672 4649 sit
686 4607 795 4649 secutus
811 4607 838 4646 et
856 4607 1012 4659 exsecutus.
1034 4607 1070 4647 ne
1085 4607 1160 4651 nunc
1173 4595 1370 4666 quidnam.
1438 4598 1440 4609 '
