3066 5182
530 368 921 434 PRAEFATIO.
1296 368 1335 431 ta

118 539 327 603 incredibilem
345 560 446 622 paene
463 558 531 600 esse
551 557 697 600 saxorum
717 534 945 612 confusionem,
967 526 997 600 in
1016 538 1137 601 Muscis
1151 536 1334 618 praesertim

118 650 234 714 Italicis
250 662 280 714 et
291 648 493 725 Britannicis,
509 647 564 710 ubi
578 650 615 709 de
626 646 783 731 plerisque
795 647 888 710 bodie
898 648 967 710 iere
983 647 1165 722 nesciretur,
1182 649 1334 710 undenam

118 783 260 846 quaeque
281 760 397 825 fuerint
419 763 569 823 advecta:
602 757 749 823 maiorem
773 759 864 821 otiam
884 758 985 821 inesse
1003 758 1210 848 difficultatem
1230 758 1263 820 in
1283 758 1332 832 iis,

119 894 199 956 quae
222 883 296 955 post
325 873 494 935 Gruterum
520 882 704 953 ceterosque
727 889 855 953 magnos
877 870 1065 932 collectores
1088 869 1139 931 vel
1163 868 1336 932 interierint

118 984 257 1058 omuino,
279 982 329 1045 vel
348 983 451 1044 locum
471 981 628 1056 mutarint,
652 980 704 1042 vel
718 981 749 1042 in
765 978 877 1063 ‹pribus
893 981 930 1040 ab
947 979 1007 1041 illis
1026 979 1154 1061 aliisque
1173 980 1335 1063 negligen-

116 1095 179 1156 tius
199 1095 224 1156 is
243 1104 324 1156 esset
340 1104 482 1156 notatus:
504 1128 539 1139 -
561 1091 635 1176 quid
658 1093 781 1154 tandem
795 1111 931 1174 quaeso,
954 1090 1050 1153 iacies
1064 1090 1246 1175 Ligoriauis
1261 1089 1342 1153 ralia

117 1205 248 1289 quisque
271 1205 382 1267 misere
398 1202 592 1286 interpolatis
614 1214 707 1286 atque
725 1199 863 1283 spuriis?
904 1200 1074 1281 Quocirca,
1097 1201 1237 1285 quamvis
1256 1203 1336 1264 clas-

117 1317 195 1377 sium
211 1336 337 1399 quoquo
352 1313 534 1397 descriptio,
560 1314 680 1397 qualem
703 1333 764 1396 ego
786 1311 923 1387 institui,
944 1311 1006 1374 suis
1025 1332 1088 1375 uon
1106 1312 1227 1375 levibus
1246 1303 1335 1375 labo-

116 1438 166 1488 ret
181 1425 401 1500 incommodis,
424 1423 620 1487 nihilominus
634 1423 666 1515 iu
680 1422 802 1485 Latinis
818 1421 876 1484 erit
890 1421 1110 1502 praeferenda,
1134 1435 1241 1504 utpote
1255 1445 1335 1507 quae

115 1535 177 1616 ipsi
201 1536 390 1618 antiquitatis
414 1534 561 1599 scientiae
584 1516 680 1618 magis
702 1533 743 1597 sit
761 1533 949 1615 profutura:
986 1535 1080 1596 modo
1105 1534 1193 1597 locus
1219 1534 1333 1618 ubique

117 1668 208 1728 quam
235 1646 426 1709 curatissime
448 1646 518 1709 fieri
538 1646 672 1727 poterit,
698 1643 903 1728 investigetur
928 1657 1020 1728 atque
1043 1655 1198 1708 euotctur.
1242 1647 1333 1729 Ergo

118 1759 156 1817 ad
176 1755 341 1819 Helvetica
362 1768 396 1817 ut
414 1759 556 1830 redeam,
589 1757 684 1819 habes
702 1755 754 1817 hic
773 1753 874 1818 narnia
892 1754 966 1816 mihi
987 1766 1078 1830 nota,
1102 1754 1214 1818 inedita
1241 1755 1332 1818 etiam

118 1867 256 1950 aliquot;
289 1865 421 1930 maxima
442 1866 585 1944 minima,
608 1866 730 1949 integra
752 1865 874 1941 mutila,
899 1865 1019 1927 sincera
1038 1866 1162 1947 spuria,
1187 1868 1225 1928 ab
1249 1865 1333 1928 occi-

116 1980 209 2039 dente
238 1976 388 2039 orientem
409 1998 521 2040 versus
538 1989 719 2060 perpetuam
742 1977 771 2038 in
794 1975 902 2038 scriem
923 1976 1081 2057 disposita.
1124 1976 1219 2055 Qirod
1241 1987 1334 2058 caput

116 2087 174 2148 etsi
188 2089 250 2151 hoc
264 2087 385 2169 quidem
402 2108 517 2171 genere
531 2108 600 2149 cum
617 2087 728 2149 ceteris
744 2087 909 2167 discrepat,
931 2086 962 2148 id
976 2097 1076 2147 tamen
1092 2086 1273 2166 praestabit,
1297 2096 1334 2147 ut

115 2208 242 2260 nostrae
253 2196 433 2279 disciplinae
444 2199 600 2260 studiosus
615 2209 734 2259 mature
749 2198 787 2259 sit
801 2197 1024 2272 intellecturus,
1042 2196 1155 2280 quihus
1170 2218 1238 2257 cum
1256 2195 1335 2257 diffi-

115 2307 282 2370 cultatibus
301 2307 332 2370 iu
353 2329 387 2370 ea
409 2306 645 2370 conflictandum
668 2308 725 2383 sit,
749 2319 957 2392 quantumque
979 2326 1070 2389 saepe
1085 2307 1218 2369 taedium
1234 2309 1332 2371 devo-

114 2420 245 2479 randum
266 2417 297 2480 iu
316 2418 394 2479 male
412 2418 594 2500 exscriptis,
625 2418 761 2494 truncis,
791 2417 1030 2493 commenticiis,
1062 2418 1173 2481 nullius
1201 2416 1333 2501 denique

115 2530 263 2591 momenti
284 2526 540 2610 inscriptionibus
561 2529 810 2613 pervestigandis
830 2551 865 2591 ac
886 2529 1097 2591 diiudicandis.
1155 2530 1223 2608 Qua
1245 2526 1276 2591 in
1297 2549 1333 2590 re

117 2657 308 2721 magnopere
323 2659 371 2701 me
390 2639 574 2702 adiuverunt
593 2639 814 2724 Hagenbuchii
828 2640 1005 2714 Helvetica,
1027 2614 1217 2701 accuratiora
1234 2640 1332 2722 longe

115 2759 148 2808 et
167 2748 276 2810 melius
297 2748 461 2824 illustrata,
484 2771 576 2833 qoam
592 2751 792 2813 antefactum
808 2761 874 2812 erat
889 2770 907 2810 a
922 2750 1157 2824 Guillimauuo,¹
1171 2749 1329 2824 Plautino,

114 2869 165 2931 et,
197 2857 250 2941 qui
278 2859 335 2920 hos
365 2871 395 2921 et
421 2870 521 2923 aetate
542 2872 572 2922 et
593 2861 709 2923 meritis
731 2864 932 2934 antecedunt,
962 2859 1097 2943 Aegidio
1121 2861 1279 2923 'l'schudio
1302 2872 1333 2923 ot

114 2967 201 3029 Iosia
223 2967 375 3046 Simlero,
399 2971 486 3033 cuius
508 2971 736 3054 Antiquitatum
759 2970 994 3034 Helveticarum
1017 2970 1173 3032 volumina
1196 2971 1332 3053 quinque

113 3077 211 3158 ipsius
233 3099 323 3141 mauu
345 3078 440 3142 nitide
461 3080 575 3162 scripta
595 3081 812 3144 Turiceusium
826 3081 1015 3144 bibliotheca
1030 3081 1153 3163 publica
1174 3084 1331 3143 adservat.

113 3189 167 3250 Ex
185 3190 290 3250 eadem
307 3189 466 3253 Ottianum
481 3192 628 3255 volumen
639 3191 876 3274 inscriptionum
890 3191 1136 3266 Helvetiearum,
1151 3194 1203 3253 sed
1216 3192 1332 3254 nrrllum

112 3299 193 3375 iere,
210 3311 284 3381 post
303 3301 522 3384 Hagenbuchii
536 3323 641 3363 coram
656 3303 753 3366 multo
769 3303 961 3383 ampliorem,
978 3323 1065 3363 risuum
1081 3301 1154 3363 mihi
1165 3303 1329 3382 praebens,

112 3420 241 3490 praesto
257 3423 342 3485 erat3
369 3433 469 3494 nuper
484 3413 599 3474 effossa
613 3414 850 3494 suppeditabant
864 3413 1021 3486 Hallerus,
1046 3423 1076 3474 et
1093 3414 1235 3475 Levade.
1258 3415 1332 3475 Hoc

113 3519 210 3602 igitur
238 3532 348 3602 eaput,
385 3520 535 3606 singulari
556 3543 624 3585 cum
647 3522 805 3606 diligentia
825 3533 1006 3600 tractatum,
1040 3522 1212 3604 speciminis
1242 3522 1332 3583 simul

111 3630 187 3696 loco
207 3642 287 3706 esto,
311 3636 471 3714 quomodo
491 3631 716 3716 geographiam
738 3633 893 3716 antiquam
917 3632 992 3696 solis
1014 3653 1054 3694 ex
1070 3631 1222 3715 lapidibus
1239 3635 1330 3696 ador·

113 3742 243 3801 nandam
269 3740 456 3805 existimem.
558 3824 560 3828 Ι

199 3850 430 3933 Geograpbicis
452 3873 530 3915 vero
553 3853 721 3929 absolutis,
745 3852 905 3917 Historica
927 3874 992 3916 sum
1016 3874 1204 3940 aggressus,
1235 3854 1276 3916 ita
1296 3865 1331 3916 ut

111 3957 184 4021 inde
211 3980 229 4020 a
257 3961 397 4025 Romulo
426 3983 523 4047 usque
546 3966 584 4025 ad
607 3964 840 4028 Theodoricum
862 3984 967 4048 regem
990 3975 1171 4046 perpetuam
1193 3976 1331 4029 texerem

112 4083 386 4134 monumentorum
414 4073 542 4149 seriem,
577 4096 668 4157 quam
696 4077 779 4137 haud
808 4073 924 4159 exiguo
954 4075 1022 4138 usui
1042 4076 1113 4139 fore
1135 4076 1260 4140 conlido
1281 4077 1330 4154 iis,

111 4178 168 4262 qui
195 4181 245 4242 vel
272 4180 369 4263 ipsam
400 4182 559 4246 historiam
580 4188 749 4266 postmodo
771 4185 831 4249 sint
853 4185 1044 4265 enarraturi,
1075 4188 1125 4250 vel
1149 4186 1332 4251 illustraturi

111 4300 144 4351 et
165 4300 341 4371 temporum
362 4293 535 4370 rationem,
560 4306 591 4356 et
610 4316 764 4359 nummos.
807 4297 845 4358 ln
865 4317 927 4379 quo
947 4293 1167 4379 tamen'capite
1181 4310 1215 4360 ut
1229 4298 1333 4361 conti·

109 4420 218 4462 nerem
241 4423 306 4478 me,
331 4424 456 4468 necesse
477 4404 553 4479 suit;
588 4425 688 4488 neque
717 4406 797 4469 euim
819 4406 922 4470 omnia
943 4408 1056 4473 licebat
1078 4409 1240 4491 amplecti,
1274 4410 1333 4474 nisi

108 4509 141 4572 in
161 4511 209 4574 bis
231 4513 403 4577 consistere
425 4514 650 4590 decrevissem
681 4538 797 4599 neque,
829 4517 918 4579 verbi
940 4540 1051 4596 causa,
1082 4520 1171 4584 locus
1193 4521 1242 4584 hic
1264 4533 1332 4584 erat

106 4622 209 4687 denuo
233 4624 413 4688 ordinandis
434 4624 536 4689 Fastis
567 4624 813 4702 Consularibus,
851 4650 943 4711 quam
971 4629 1159 4694 utilissimam
1190 4652 1329 4712 operam,
