3066 5182
1304 297 1342 358 37

114 436 291 482 ΒΕΕΒΕῊΤ.
312 452 377 485 corne
395 440 416 484 si
435 440 501 498 legge
520 439 556 483 nel
575 453 617 483 suo
635 441 749 495 cpitnffio.
785 441 877 496 Sci-isse
896 439 967 484 anche
980 453 1025 483 una
1037 439 1120 484 Storio
1135 436 1200 484 delta
1214 440 1263 484 ritu
1278 454 1290 483 a
1305 437 1346 483 dei

116 526 241 586 mnneggi
257 528 349 570 secreti
364 524 426 570 delle
445 526 523 586 mogli
539 524 576 569 dr’
593 526 653 571 xit.
673 524 760 572 Cereri
764 540 776 582 ;
794 541 865 583 opera
877 541 922 571 non
935 541 1023 571 ancora
1035 526 1180 581 pubblicata,
1200 528 1266 571 ecbe
1279 527 1344 571 forse

118 615 160 658 nol
173 611 229 657 sarii
240 614 297 657 snei.
336 614 361 656 lo
374 613 421 657 l'bo
433 615 498 667 letla,
513 627 525 656 e
538 628 584 657 non
597 615 618 658 ci
631 614 661 658 bo
674 620 764 658 trovato
777 611 804 667 nd
817 615 889 659 rnolta
901 616 997 669 critica,
1016 611 1044 658 ni
1057 615 1172 659 lenocinio
1186 616 1208 658 di
1222 614 1301 658 51111.η

188 718 351 763 coLthvs
373 715 515 774 (Hubertur)
540 720 589 763 Hoc
613 721 705 777 quidem
723 721 746 763 in
764 734 850 778 genere
870 733 926 763 raro
948 725 1107 774 memoratur,
1138 720 1182 764 etsi
1203 734 1216 762 a
1238 718 1345 764 Gratero

118 805 234 849 intereos
248 807 361 859 retertur,
381 806 523 864 quiscriptis
532 806 632 862 publicis
648 809 669 852 ei
686 808 831 862 proluerint:
851 808 903 862 plus
918 821 974 851 saue
989 809 1044 851 lusit
1060 807 1082 851 in
1098 808 1199 852 nnnimis
1212 806 1274 850 domi
1287 819 1343 852 snae

118 892 204 937 landis
220 893 343 938 teriundis.

190 998 308 1042 Gotttvs
326 996 456 1052 (Antonius
473 997 632 1052 Frenet'reur)
652 999 783 1043 Notandum
798 1002 842 1051 est,
862 997 965 1043 Gorium
980 1013 1022 1043 nec
1037 1000 1060 1042 in
1075 997 1189 1042 Doniunn
1204 1014 1284 1056 opere,
1300 1014 1345 1044 nee

118 1087 144 1130 is
168 1085 295 1142 lnecrr'plt.
313 1084 431 1129 Etrurine
446 1099 513 1129 usum
529 1100 580 1131 esse
599 1085 702 1133 Gruuri
720 1087 820 1130 editione
841 1088 929 1139 altera,
959 1089 1017 1130 nnde
1041 1088 1120 1141 plures
1147 1100 1242 1131 errores
1265 1087 1289 1130 in
1315 1100 1344 1130 ea

37 1215 43 1224 ,
118 1178 243 1217 correctus
267 1186 296 1216 ex
319 1173 399 1227 priore
422 1173 523 1228 repetiit.
567 1175 697 1230 Aliquando
721 1179 744 1218 et
768 1175 843 1229 ipsum
861 1188 875 1216 a
892 1174 994 1219 falsariis
1013 1175 1134 1228 deceptum
1153 1187 1204 1218 csse
1226 1174 1344 1217 contendit

117 1257 240 1320 Huffeiue
257 1261 281 1304 in
299 1261 399 1314 epistola
413 1261 513 1314 inedita,
534 1274 602 1317 quam
618 1261 724 1304 dabimus
739 1262 762 1304 in
779 1261 910 1315 Appendice
926 1261 957 1305 ll.

189 1364 349 1410 Gnaus’tvs
368 1364 412 1420 (lo.
432 1354 567 1425 Georgius)
584 1366 612 1410 ln
630 1367 803 1410 cormueutariis
817 1367 866 1410 suis
884 1367 907 1409 in
923 1370 1014 1409 veteres
1032 1365 1161 1421 scriptores
1176 1371 1199 1410 et
1214 1366 1237 1409 in
1252 1365 1343 1421 praeta·

119 1444 224 1496 tionibus
247 1453 276 1495 ad
301 1449 377 1496 Ther.
400 1451 497 1511 Antiqq.
521 1451 589 1497 Rom.
609 1467 677 1510 saepe
698 1452 822 1511 Gaditanis
839 1453 902 1496 saxis
920 1454 993 1497 utitur
1011 1453 1134 1498 rnauiiesto
1155 1454 1256 1508 spuriis,
1285 1466 1343 1511 quae

119 1520 201 1594 utpote
219 1539 307 1582 inedita
326 1539 416 1597 sibique
435 1541 472 1583 uui
491 1542 616 1584 commissa
633 1541 704 1585 nimia
722 1543 818 1585 caritate
836 1540 1019 1596 amplexabatur.

189 1644 360 1690 GRVTERVS
379 1644 473 1700 (ianus)
489 1645 515 1689 ln
537 1646 604 1690 huius
623 1647 744 1690 Thesauro
766 1646 895 1703 ubicunque
915 1647 987 1701 probe
1008 1647 1171 1691 attendendum
1190 1651 1226 1690 est
1248 1648 1342 1689 nostrae

119 1733 257 1787 discipliuae
272 1734 394 1785 studioso,
418 1747 462 1790 qna
480 1734 575 1791 quisque
593 1734 652 1788 lapis
667 1735 804 1778 auctoritate
820 1735 851 1778 sit
865 1735 981 1789 muuitns;
1000 1747 1053 1777 nam
1068 1738 1162 1788 praeter
1180 1747 1220 1786 ca,
1241 1746 1298 1790 qnae
1314 1745 1343 1776 ex

119 1819 277 1874 scriptoribus
300 1821 415 1874 suspectis
433 1820 456 1863 in
479 1821 522 1864 boc
540 1827 621 1866 nostro
642 1822 715 1865 iudice
737 1823 823 1864 notatis
841 1821 983 1873 afferuntur,
1014 1821 1059 1864 alia
1076 1834 1167 1879 qrroque
1185 1820 1267 1864 dubiae
1289 1817 1354 1863 fidei'

121 1906 205 1959 babet,
224 1908 290 1951 nulla
304 1907 397 1964 quidem
415 1921 457 1951 sua
477 1913 500 1951 et
516 1907 642 1968 scaligeri
659 1910 739 1963 culpa,
759 1909 803 1951 nisi
822 1909 883 1964 quod
902 1890 985 1960 arirbo,
1010 1906 1119 1951 laudabili
1137 1921 1193 1951 sane
1212 1908 1288 1951 studio
1307 1906 1342 1949 in-

120 1994 201 2048 tensi,
229 1994 322 2047 omnia,
351 1995 371 2037 si
386 1992 437 2038 fieri
453 2000 546 2049 posset,
575 1996 756 2050 complectendi,
784 1995 943 2037 nirnis·erant
961 1994 1054 2052 benigni
1074 2000 1096 2038 et
1113 1995 1193 2038 faciles
1212 1995 1235 2037 in
1254 1993 1342 2036 amicos

118 2087 229 2147 respecta
244 2082 315 2124 etiam
333 2082 393 2124 dona
408 2082 550 2137 offerentes3
568 2085 596 2127 de
609 2097 654 2140 qua
667 2081 768 2126 Gruteri
782 2082 910 2134 timiditate,
926 2095 954 2124 ne
967 2082 1042 2125 dicum
1055 2083 1201 2133 credulitate,
1217 2079 1342 2136 aliquoties

119 2169 228 2227 queritur
245 2149 447 2227 Hagenbuchiue.
483 2171 572 2223 „Tanta
593 2175 629 2213 est
645 2170 780 2228 magnitudo
797 2169 936 2213 meritorum
955 2166 1057 2212 Gruteri
1074 2174 1097 2211 et
1114 2167 1253 2226 Scaliger-i,
1280 2167 1348 2210 uiro.

119 2273 174 2323 nus
187 2272 332 2314 summorum
344 2265 367 2304 et
379 2249 610 2321 κριτικωτάτων,
631 2268 656 2307 nt
668 2276 748 2306 ornnes
762 2265 865 2307 omnium
880 2264 970 2323 gratiae
986 2263 1015 2306 ab
1031 2263 1139 2306 omnibus
1154 2263 1188 2306 eis
1204 2261 1340 2306 debeantur.

119 2347 187 2391 llaad
202 2360 258 2390 raro
272 2353 350 2391 autem
365 2349 451 2392 accidit
465 2349 598 2396 homiuibus
614 2350 676 2394 bisce
694 2351 793 2408 magnis,
813 2350 945 2394 bominibus
960 2356 1046 2403 tairren,
1066 2354 1090 2394 nt
1104 2349 1248 2393 blandientes
1261 2360 1342 2391 eorum

118 2435 270 2479 coniecturae
286 2439 309 2478 et
323 2436 468 2490 suspiciones
483 2437 540 2500 ipsis
554 2438 721 2492 imposuerint:
744 2451 815 2495 quare
831 2437 1056 2494 saepiusoptabam,
1079 2438 1172 2494 utquid
1188 2435 1340 2486 invenissent,

120 2522 191 2587 inque
208 2523 272 2579 quid,
292 2523 353 2579 qaod
370 2525 520 2589 inuenerant,
548 2528 691 2578 mutassent,
716 2530 795 2569 curate
814 2529 969 2580 exponerent,
998 2538 1043 2582 quo
1061 2525 1161 2569 lectores
1176 2524 1278 2567 indicare
1297 2521 1341 2578 ipsi

119 2614 228 2664 pensent.
264 2610 325 2664 aee,
345 2611 405 2668 quod
420 2612 507 2656 nollem
522 2612 622 2667 tactum,
642 2614 758 2656 interdurn
775 2612 889 2665 reticent,
911 2624 940 2655 ex
958 2626 1018 2670 quo,
1039 2613 1099 2668 quod
1117 2602 1216 2664 dedere,
1238 2610 1295 2665 ipsis
1310 2609 1342 2652 sit

120 2702 215 2741 utun:
234 2697 257 2741 in
275 2697 358 2752 primis
373 2695 496 2742 Gruterus
510 2700 653 2756 praeclarius
669 2700 739 2744 etiarn
754 2699 836 2742 luisset
852 2699 950 2742 meritus
965 2701 992 2741 de
1009 2700 1084 2743 literis
1103 2698 1166 2742 bisce
1185 2697 1300 2754 antiquis,
1320 2697 1340 2739 si

120 2788 215 2829 retento
229 2788 283 2839 typo
299 2786 389 2840 primo,
408 2799 462 2830 cum
480 2799 507 2831 eo
524 2792 590 2841 typos
608 2787 724 2838 aliorum,
746 2786 769 2828 in
787 2799 844 2843 quos
860 2791 942 2840 postea
956 2785 1083 2839 inciderat,
1103 2786 1135 2829 ita
1150 2785 1295 2837 contulisset,
1318 2786 1342 2826 ut

118 2861 337 2942 διτῐογραᾳίας
350 2877 412 2930 ipsas
428 2880 534 2920 enotnret
548 2877 634 2931 polius,
653 2889 721 2932 cluam
736 2877 835 2920 inductis
850 2881 957 2931 typorum
970 2877 1099 2931 primorum
1109 2875 1229 2929 exemplis,
1249 2886 1342 2915 eorum-

119 2976 165 3020 que
181 2963 234 3006 loco
249 2963 326 3006 allatis
341 2963 402 3017 aliis,
422 2976 466 3006 uos
481 2963 583 3007 incertos
599 2964 740 3021 ignarosque
755 2964 892 3016 dimitteret,
911 2964 965 3020 quid
980 2962 1036 3006 alibi
1052 2962 1155 3020 legisset,
1173 2965 1338 3016 mutassetque.

119 3051 200 3106 Quum
216 3045 349 3093 Gruterum
364 3049 498 3094 conferrem
512 3063 565 3093 curn
580 3050 730 3104 auctoribus,
751 3063 779 3094 er
794 3050 877 3109 quibus
892 3049 1016 3101 hauserat,
1034 3049 1056 3092 iu
1070 3049 1151 3103 primis
1167 3061 1219 3091 cum
1234 3043 1338 3103 Apinio,

118 3149 193 3193 saepe
206 3148 258 3180 sens
272 3138 401 3180 admiratus
416 3139 550 3183 felicitatem
567 3138 616 3183 sire
634 3135 751 3193 Gruteri,
779 3137 827 3182 sire
845 3136 971 3196 Scaligeri
989 3136 1065 3180 dirine
1082 3136 1255 3178 restituentium
1271 3145 1340 3176 veras

120 3223 234 3269 lectiones
249 3236 279 3269 ez
293 3225 376 3268 malis:
406 3238 462 3282 quas
478 3225 657 3278 tamennialas,
682 3224 735 3281 quia
753 3238 799 3268 non
817 3225 975 3276 adduxerunt,
1000 3223 1111 3267 indicium
1129 3234 1211 3265 eoruur
1229 3218 1340 3263 admirari

118 3325 167 3368 noe
182 3315 295 3366 possuit,
319 3312 364 3355 nisi
380 3312 417 3370 qui
432 3317 540 3357 auctores
559 3312 637 3367 ipsos,
662 3317 842 3369 quorurntypos
857 3315 1024 3367 persanarunt,
1050 3312 1171 3363 evolvunt,
1194 3309 1341 3367 quodquam

116 3398 255 3454 pesciuirni
276 3398 378 3443 faciunt:
406 3399 443 3444 rel
465 3397 527 3452 duo,
555 3399 690 3443 seluemo:
715 3404 784 3455 turpe
802 3404 826 3442 et
842 3396 1000 3442 miserabile!
1035 3398 1113 3441 lnveni
1132 3410 1188 3441 vero
1207 3395 1339 3445 collatione,

117 3499 191 3543 qum
205 3487 268 3538 disi,
293 3485 414 3539 instituta,
443 3486 482 3529 ubi
498 3486 592 3528 omnino
607 3487 668 3531 scire
683 3487 796 3539 interest,
818 3486 873 3542 quid
889 3485 933 3530 'alii
951 3491 1003 3528 ante
1022 3482 1156 3528 Gruterum
1174 3483 1292 3534 dederint,
1317 3484 1342 3524 ut

115 3573 252 3618 examinata
274 3573 374 3617 lectione
398 3572 539 3617 Gruterinna
564 3574 625 3617 aliud
650 3575 717 3629 quid,
751 3586 820 3629 quam
841 3575 900 3628 quod
922 3570 1044 3616 Gruterus
1066 3572 1140 3622 dedit,
1169 3569 1254 3627 legenti
1276 3567 1340 3610 esire
1377 3625 1380 3628 ἢ

114 3661 204 3717 pessit.
240 3659 303 3704 llaec
317 3660 447 3718 generatim
462 3674 557 3704 monere
574 3660 633 3702 barud
648 3661 748 3703 alienum
763 3659 818 3702 mibi
835 3659 910 3701 risum
926 3663 975 3703 est:
995 3659 1100 3712 exempla
1116 3657 1230 3699 adducere
1246 3665 1340 3708 possum

114 3748 235 3807 plurima,
262 3748 302 3790 sed
326 3747 423 3802 paucula
443 3746 480 3790 bic
504 3747 576 3790 citare
597 3760 638 3790 ero
659 3751 789 3790 contentus.
839 3745 907 3788 Grut.
927 3741 991 3798 818,
1019 3741 1058 3786 ll.
1087 3743 1178 3785 nonnisi
1198 3755 1225 3783 es
1246 3739 1342 3798 Apiuno

115 3848 144 3890 p.
162 3829 220 3886 1⁰3,
239 3831 261 3876 1.
281 3834 319 3876 ilat
334 3831 470 3886 Gruterur,
497 3838 575 3876 baccus
593 3838 631 3877 aul
648 3847 683 3887 so,
696 3839 742 3877 -aut
759 3832 916 3891 Scaligerum
934 3831 1025 3888 Apiuui
1042 3829 1219 3873 nucmottvs
1239 3833 1340 3870 rirrrtassa

118 3922 145 3964 in
162 3920 194 3964 D.
213 3920 242 3963 F.
263 3918 417 3967 CHLORVS.
458 3920 501 3964 ilie
527 3935 583 3966 vero
609 3920 688 3964 dubito
712 3921 743 3964 ob
766 3921 861 3964 nimiam
884 3921 1005 3963 raritatem
1028 3918 1173 3977 cognominis
1197 3916 1341 3959 cttLottvs

115 4021 201 4051 reram
218 4008 343 4065 lectionem
358 4021 410 4051 sese
426 4008 517 4051 dedisse
533 4009 628 4052 mutanti
645 4023 674 4054 ex
691 4009 799 4066 ingenim
825 4008 878 4064 quid
897 4021 940 4062 pro
957 4005 1136 4050 nuentonvs
1154 4004 1261 4048 fueritin
1284 4018 1341 4049 saxo

115 4097 186 4152 ipso,
210 4108 256 4139 non
276 4091 394 4147 definiam.
431 4095 492 4139 Grut
510 4091 573 4149 856,
596 4077 619 4139 3.
656 4095 747 4153 Apiuni
766 4100 852 4139 textum
871 4090 983 4149 plat,
1049 4092 1079 4139 L·
1106 4092 1227 4136 strtvs.
1255 4092 1283 4135 L.
1312 4092 1340 4146 L,

116 4181 303 4229 dissuitur
320 4181 477 4226 bassunis
495 4183 514 4227 l.
533 4183 562 4226 L.
584 4182 689 4228 CERDO
706 4184 735 4227 D.
755 4187 764 4230 u
786 4185 811 4226 S.
830 4183 858 4226 F.
880 4193 907 4236 0.
928 4192 956 4236 [p.
974 4089 1228 4243 *ornamus
1249 4178 1338 4226 avon

116 4270 150 4314 fl.
167 4270 212 4313 SS.
230 4268 262 4312 m
277 4268 406 4315 rudunt:
422 4270 534 4314 PEDVM
546 4275 556 4317 ΙΙ
569 4270 624 4314 1111.
641 4270 682 4315 ΙΝ,
699 4271 770 4314 seit.
786 4270 887 4314 Penus
903 4269 958 4312 llll.
978 4267 1011 4311 ita
1025 4268 1077 4320 dat,
1095 4272 1119 4310 ut
1134 4268 1214 4311 literas
1231 4268 1342 4323 quasdam

115 4360 187 4402 docte
201 4358 318 4409 emendet,
335 4357 394 4400 alias
413 4363 461 4402 tres
479 4358 579 4409 omittat,
596 4370 624 4401 ex
636 4358 744 4402 versibus
757 4359 857 4415 quinque
872 4357 942 4400 iaciat
958 4360 1061 4409 septeru:
1080 4354 1107 4398 L.
1124 4354 1234 4398 anrtvs
1244 4357 1253 4402 lt
1267 4353 1294 4397 L.
1311 4353 1340 4400 L.

116 4443 288 4491 nasutum.
299 4442 464 4488 nasturtii.
478 4450 488 4491 lt
500 4445 528 4488 L.
545 4445 573 4489 L.
590 4444 694 4490 CERDO
710 4448 720 4492 ll
736 4456 764 4499 ζ).
779 4456 807 4500 ζ),
819 4446 846 4488 L.
857 4442 1003 4488 PLOTADL
1021 4443 1095 4486 Llidl.
1113 4441 1176 4485 AVO
1189 4445 1197 4486 ΙΙ
1214 4441 1242 4483 ll.
1257 4442 1282 4483 S.
1297 4442 1337 4484 S.l

116 4533 152 4579 tn'
170 4530 303 4592 FROM'E
320 4530 441 4575 Psnvnt.
461 4533 516 4575 llll.
538 4535 548 4579 ll
570 4531 610 4575 tu.
630 4532 700 4576 AGR.
720 4529 830 4576 Purus.
850 4532 904 4575 llll.
923 4554 955 4564 -
977 4531 1078 4585 Capuae.
1114 4529 1140 4573 ln
1158 4523 1287 4583 indicet&
1307 4529 1340 4572 nil

115 4623 181 4668 sani.
202 4618 255 4664 Non
265 4618 374 4664 viderunt
387 4619 472 4664 misere
485 4620 589 4663 immista
602 4633 653 4664 esse
664 4625 687 4664 et
696 4621 800 4674 contusa,
814 4634 871 4678 quiae
882 4620 956 4664 tribus
965 4620 1052 4662 areolis
1061 4619 1095 4662 sic
1105 4618 1247 4674 distinguere
1257 4627 1338 4661 conor:
