3066 5182
210 368 230 430 d
603 358 989 425 PRAEFATIO.

210 530 381 613 decipimur
397 527 602 610 interpolatis,
627 525 866 600 commenticiis,
888 524 1063 605 corruptis,
1083 523 1215 597 mutilis3
1239 505 1329 606 quani
1348 523 1418 604 plu-

209 643 303 705 rimas
323 643 454 723 denique
472 661 530 720 per
548 638 658 700 itinera
676 636 950 719 peregrinantium,
972 658 1008 697 ac
1021 658 1079 717 per
1097 637 1220 698 libellos
1236 634 1420 716 pracsertim
1442 634 1444 639 ’

210 753 354 827 Italicos,
385 771 518 833 qitorum
542 770 617 812 raro
638 749 673 809 fn
695 748 786 828 copia
808 748 925 810 homini
943 750 1119 822 Germano,
1144 748 1272 810 subinde
1295 770 1419 829 sparsas

208 884 340 946 prorsus
358 863 537 945 ignoremus
557 881 682 922 neccsse
702 871 761 922 est.
804 859 933 922 Sedens
949 859 1153 940 potissimum,
1176 859 1229 941 qui
1248 881 1264 920 a
1281 859 1418 939 copiosis

209 972 407 1036 bibliothecis
426 971 550 1056 longius
571 971 684 1033 remoti
704 991 762 1051 per
777 969 944 1049 Gymnasia
965 970 1211 1033 adolescentibus
1226 970 1419 1032 instituendis

210 1105 337 1165 operam
361 1086 450 1155 dant,
480 1081 653 1166 aegerrime
671 1102 798 1154 carere,
825 1102 862 1142 ne
889 1083 1027 1143 Grutero
1052 1080 1167 1155 dicam,
1194 1080 1416 1143 Fleetvvoodio

129 1244 132 1249 .
210 1196 320 1268 etiam,
352 1205 382 1255 et
406 1194 594 1265 Polcastro,
628 1203 676 1267 et,
707 1194 761 1274 qui
777 1191 858 1254 inter
877 1191 1129 1271 compendiorum
1148 1191 1418 1275 epigraphicorum

208 1305 379 1385 scriptores
400 1303 580 1386 primarium
602 1303 720 1365 obtinet
737 1304 857 1377 locum,
885 1302 1074 1375 Morcellio,
1097 1322 1319 1382 saepenumero
1341 1300 1419 1375 vidi,

209 1436 246 1477 ac
272 1415 472 1478 vehementer
494 1411 591 1475 dolui.
636 1414 777 1491 Quorum
800 1414 921 1495 quidem
947 1412 1116 1475 commodis
1138 1435 1232 1496 quum
1250 1424 1329 1474 esset
1344 1413 1418 1473 sub·

208 1525 410 1599 veniendum,
430 1523 466 1585 iis
482 1545 608 1606 quoquc
623 1534 657 1584 ut
671 1523 906 1604 prospiceretur
922 1534 1158 1586 consentaneum
1182 1535 1263 1597 erat,
1287 1522 1412 1606 quibus,

208 1636 376 1701 dummodo
391 1646 569 1715 suppeteret
583 1646 721 1714 tempus,
746 1632 883 1716 largiora
902 1634 1036 1696 subsidia
1052 1637 1202 1717 denegata
1220 1654 1282 1695 non
1301 1644 1417 1694 essent.

209 1745 293 1825 Quin
321 1744 412 1806 etiam
440 1743 508 1825 ipsa
534 1744 694 1824 disciplina
717 1755 777 1805 tam
799 1745 941 1828 neglecta
962 1745 1063 1806 iuvari
1085 1745 1275 1827 aliquatenus
1296 1755 1419 1824 poterat

206 1874 291 1918 nova
312 1854 378 1917 eins
398 1853 533 1935 epitome
562 1856 644 1917 haud
670 1877 802 1937 prorsus
827 1855 935 1917 inscite
960 1858 1125 1927 adornata,
1155 1877 1233 1936 quae
1260 1853 1416 1936 philologi

210 1965 386 2028 Germanici
401 1967 549 2029 honestae
564 1967 718 2030 sufficeret
728 1966 912 2030 curiositati.
942 1969 1034 2029 Hunc
1049 1965 1128 2027 enim
1147 1987 1208 2027 non
1228 1978 1287 2026 tam
1301 1965 1417 2039 stilum,

207 2098 298 2161 quem
317 2076 432 2151 dicunt,
456 2077 705 2160 inscriptionum,
729 2081 860 2162 (dequo
880 2078 1038 2158 praeclare
1055 2076 1200 2156 exposuit
1218 2075 1417 2154 Morcellius)

207 2209 298 2271 qttam
332 2199 545 2272 argumentum
575 2188 675 2269 ipsum
702 2188 822 2250 varium
853 2199 885 2249 et
913 2187 1075 2266 multiplex
1103 2199 1245 2266 spectare
1268 2207 1326 2265 par
1350 2164 1417 2258 est3

205 2302 279 2372 sed,
306 2311 340 2361 ut
361 2300 473 2384 habeat
494 2297 663 2361 doctissimi
684 2298 757 2360 Itali
778 2298 910 2371 librum,
934 2296 1084 2359 rariorem
1107 2299 1188 2376 apud
1206 2318 1263 2361 nos
1281 2307 1312 2358 et
1331 2296 1419 2357 nimis

206 2430 331 2483 carum,
365 2430 405 2470 ex
428 2429 466 2470 eo
486 2407 688 2488 paucissimos
706 2409 865 2470 dumtaxat
880 2407 1007 2483 titulos,
1037 2406 1177 2489 quamvis
1199 2408 1326 2488 copiose
1347 2406 1419 2468 illu·

206 2529 339 2592 stratos,
366 2530 551 2599 pernoscet;
574 2539 675 2601 neque
699 2517 789 2581 facilc
812 2520 869 2581 hos
892 2540 1008 2600 paucos
1029 2541 1116 2580 suum
1138 2518 1170 2579 in
1191 2540 1278 2580 usum
1299 2517 1418 2597 poterit

205 2639 406 2691 convertere.
452 2628 610 2706 Quocirca
631 2627 707 2691 nihil
724 2651 818 2712 quum
836 2629 986 2704 viderem,
1009 2632 1095 2710 quod
1109 2650 1234 2712 magnas
1253 2627 1333 2690 inter
1350 2628 1419 2690 col·

204 2737 354 2802 lectiones
378 2750 468 2822 atque
484 2739 633 2819 epitomas
655 2738 829 2821 praedictas
852 2740 965 2802 iustum
984 2740 1111 2823 aliquod
1132 2738 1263 2801 medium
1283 2749 1416 2811 teneret,

204 2848 257 2911 diu
279 2850 444 2911 admodum
465 2861 530 2926 est,
560 2871 685 2932 exque
707 2850 739 2913 in
761 2849 893 2912 animum
915 2850 1040 2924 induxi,
1075 2849 1200 2912 simulac
1221 2860 1293 2929 post
1314 2848 1417 2910 varias

202 2959 350 3021 fortunae
374 2959 622 3036 vicissitudines,
645 2961 740 3023 miras
762 2961 847 3035 illas,
872 2982 972 3043 neque
995 2971 1095 3022 tamen
1111 2959 1266 3042 ingratas,
1300 2958 1418 3040 patriae

205 3072 328 3132 tandem
348 3090 447 3132 cssem
465 3071 639 3145 restitutus,
660 3070 765 3133 hocin
781 3092 896 3154 genere
911 3070 1077 3154 aliquando
1096 3071 1270 3132 elaborare.
1294 3068 1417 3131 Etenim

203 3180 346 3255 Romae,
375 3180 537 3257 Lutetiae,
565 3182 754 3266 Gottingae,
777 3181 936 3256 Berolini,
960 3181 1169 3243 Vindobonac
1191 3179 1289 3242 maior
1310 3179 1418 3262 utiquc

204 3288 358 3354 librorum
377 3290 559 3367 multitudo,
583 3292 732 3354 Nemausi
749 3301 856 3365 antea,
880 3312 978 3365 nunc,
1002 3301 1036 3351 ut
1054 3290 1156 3364 eradio,
1180 3290 1335 3365 Lutetiae,
1361 3292 1417 3351 ab·

203 3399 409 3463 solutissimus
428 3400 519 3463 etiam
537 3403 589 3464 ille
611 3402 704 3465 index
727 3401 965 3485 Seguicrianus,
999 3422 1038 3462 ne
1059 3423 1139 3462 nuuc
1158 3402 1280 3485 quidcm
1310 3411 1417 3463 conte⁴

206 3513 366 3585 mnendus,
388 3522 515 3592 praesto
540 3511 665 3588 suisset,
691 3512 801 3575 Timici
823 3528 919 3587 vero,
943 3511 1082 3596 quamvis
1098 3511 1309 3592 compluribus
1330 3510 1419 3572 libris

204 3620 278 3684 alibi
296 3621 418 3684 facilius
436 3623 626 3685 inveniendis
644 3623 818 3697 destitutus,
842 3623 875 3685 id
893 3635 993 3685 tamen
1012 3622 1216 3703 reperiebam,
1241 3623 1324 3704 quod
1346 3642 1420 3683 ntis·

204 3754 295 3815 quam
315 3733 380 3817 nisi
390 3732 421 3795 in
444 3733 600 3797 carissima
621 3734 721 3815 patria
744 3733 775 3796 in
796 3746 944 3815 promptu
962 3744 1045 3807 erat;
1079 3731 1322 3812 copiosissimum
1346 3731 1419 3793 dico

203 3854 383 3922 apparatum
398 3842 633 3928 epigraphicaun
648 3845 699 3907 lo.
717 3842 813 3907 Crsr.
832 3846 1079 3916 Huneunrcnu,
1097 3841 1156 3904 viri
1170 3841 1201 3904 in
1215 3844 1277 3905 boc
1291 3861 1418 3925 genere,

203 3951 259 4013 ubi
277 3952 484 4035 diligentiam,
508 3955 727 4028 assiduitatem,
742 3953 978 4035 perspicaxquc
995 3952 1150 4036 ingenium
1169 3964 1304 4032 spectes,
1327 3951 1420 4014 facilc

203 4059 354 4143 principis
364 4086 378 4156 ;ι
395 4084 457 4144 quo
474 4063 598 4165 quidqu
615 4075 764 4145 apparatu
777 4063 860 4125 illius
881 4075 954 4144 post
976 4065 1094 4126 obitum
1113 4084 1202 4127 nemo
1220 4064 1422 4126 adhuc'esset

204 4192 296 4246 iratas,
328 4193 485 4253 perpauca
506 4166 609 4235 illa''si
632 4174 786 4270 excipias,
813 4196 892 4258 quac
917 4176 1107 4237 eoncedente
1128 4173 1347 4257 Hagenbnchii
1365 4194 1423 4257 ge-

205 4302 283 4345 nero
306 4294 398 4366 atque
419 4285 535 4345 herede
558 4284 807 4362 Steiubryehelio
824 4285 857 4345 in
875 4286 992 4363 Museo
1014 4284 1178 4346 Turicensi
1199 4305 1269 4345 cum
1291 4283 1422 4346 eruditis

205 4394 442 4458 communicavit
472 4394 700 4477 Hottingcrns,
744 4396 932 4458 venerabilis
960 4398 1116 4476 quondam
1144 4414 1230 4456 rocus
1261 4394 1420 4478 magister.

207 4505 318 4585 Ergo,
341 4503 524 4586 simulatque
546 4506 618 4566 huic
640 4506 770 4589 negotio
799 4506 884 4568 licuit
904 4526 1035 4580 vacare,
1066 4505 1285 4586 amplissimum
1313 4502 1422 4566 inscri-

205 4612 347 4695 ptionum
362 4613 543 4677 Latinarum
558 4615 709 4678 delectum
722 4615 884 4679 instituere
903 4617 1039 4692 decrevi,
1056 4615 1086 4678 in
1102 4637 1165 4698 quo
1182 4616 1317 4698 quidem,
1334 4614 1420 4691 stilo,
