3066 5182
189 301 229 363 lo
600 301 986 368 PRAEFATIO.

197 506 200 511 ·
268 466 300 532 Α
327 469 435 550 populi
462 469 597 532 Romani
631 490 666 531 re
694 469 818 550 publiea
846 473 1062 532 transeundum
1091 469 1235 552 deinceps
1264 483 1329 533 erat
1358 475 1396 534 ad

186 601 249 643 rem
265 581 487 662 municipalem,
504 601 593 664 quae,
611 602 705 664 quum
720 581 912 661 potissimum
928 602 968 643 ex
981 581 1248 663 inscriptionibus,
1274 584 1395 645 Rothio

186 714 225 753 ex
247 703 315 755 toto
336 691 505 774 neglectis,
528 691 675 754 illustrari
697 694 824 768 debeat,
849 713 910 755 non
932 691 996 755 siue
1019 713 1109 754 causa
1130 694 1160 756 id
1182 694 1255 756 mihi
1275 715 1395 776 propo·

185 802 276 864 situm
295 802 372 877 luit,
395 815 430 863 ut
449 805 488 864 ad
502 824 576 865 saxa
591 823 630 865 co
645 802 826 883 pertinentia
842 802 975 887 undique
993 807 1233 883 comportanda,
1261 818 1394 887 apteque

185 913 375 994 disponenda
397 913 546 975 assiduam
567 935 712 975 navarem
735 934 874 994 operam.
932 902 1004 994 Qito
1034 914 1156 998 quidem
1184 916 1215 978 id
1237 929 1394 978 assecutus

185 1045 252 1087 esse
280 1023 354 1086 mihi
382 1023 509 1098 videor,
544 1034 596 1099 ut,
630 1025 806 1106 quicunque
834 1026 913 1086 hanc
942 1025 1153 1109 antiquitatum
1182 1027 1392 1090 Romanarum

184 1134 432 1199 obscurissimam
455 1138 554 1197 adhuc
573 1146 693 1216 partem
723 1138 824 1199 denuo
847 1134 1053 1212 scrutabitur,
1088 1122 1211 1199 luciliui
1238 1149 1323 1200 certe
1353 1138 1394 1200 sit

183 1259 415 1328 perspecturus,
440 1267 574 1330 quonam
595 1245 727 1328 singula,
752 1245 782 1307 in
804 1267 883 1328 quae
904 1248 971 1327 ipse
990 1246 1113 1320 incidet,
1136 1248 1196 1309 sint
1214 1250 1390 1322 reserenda,

183 1379 307 1442 quoque
342 1360 437 1421 modo
473 1355 688 1441 coniungenda
724 1378 794 1417 cum
821 1355 876 1430 iis,
914 1378 992 1440 quae
1020 1377 1037 1417 a
1066 1379 1113 1420 me
1145 1369 1215 1420 sunt
1248 1360 1391 1422 collecta.

182 1467 385 1532 Perreximus
405 1467 476 1529 iude
497 1472 536 1530 ad
560 1489 626 1529 earn
647 1467 805 1531 hominum
833 1467 1060 1543 conditionem,
1098 1489 1175 1551 quac
1203 1469 1232 1531 in
1263 1481 1393 1552 quaestu

74 1663 76 1667 ι
181 1579 323 1642 faciendo
345 1579 491 1663 victuque
513 1579 692 1661 quotidiano
713 1581 860 1659 parando'
881 1591 1047 1660 occupata,
1085 1579 1153 1661 ipsa
1182 1591 1282 1641 tamen
1312 1582 1395 1661 apud

182 1690 344 1752 Romanos
367 1690 522 1754 societatis
545 1700 710 1770 appetens,
744 1700 953 1772 quantumque
974 1702 1113 1771 poterat,
1145 1712 1209 1753 rem
1237 1691 1392 1772 publicam

181 1799 314 1876 imitata,
351 1800 504 1884 collegia,
538 1820 693 1882 corpora,
718 1774 872 1863 ¹sodalicia
900 1799 1057 1863 instituere
1085 1802 1204 1864 solebat
1233 1801 1294 1863 suis
1322 1823 1391 1864 cum

180 1912 378 1995 praepositis,
396 1912 561 1994 magistris,
578 1911 731 1993 patronis,
756 1911 998 1992 apparitoribus,
1023 1912 1134 1986 servis,
1157 1911 1279 1996 legibus
1299 1912 1390 1974 etiam

181 2035 211 2086 et
226 2023 374 2098 decretis;
397 2045 460 2106 quo
482 2023 587 2106 utique
609 2023 639 2085 in
663 2043 776 2106 genere
799 2022 929 2085 maxima
949 2044 1056 2084 rursus
1075 2022 1308 2104 inscriptionum
1329 2022 1392 2084 uti-

68 2123 76 2142 ⁶
181 2136 251 2196 litas
280 2136 428 2197 cernitur.
487 2134 702 2216 collegiorum
726 2144 827 2194 autem
849 2132 951 2196 forma
971 2145 1153 2213 perspecta,
1187 2133 1323 2216 singulas
1353 2136 1393 2194 ad

181 2258 280 2321 artes,
304 2267 382 2329 quae
405 2266 494 2306 mauu
515 2254 669 2319 coustant,
693 2265 786 2325 quum
808 2242 1080 2317 descendissemus,
1104 2255 1286 2324 supererant
1305 2244 1392 2306 varia

179 2356 337 2418 hominnm
366 2356 446 2417 iuter
475 2375 509 2416 se
537 2353 738 2428 commercia,
778 2349 832 2430 (τὰ
861 2348 1045 2437 συμβόλαια
1068 2354 1181 2416 Graeci
1202 2357 1393 2436 nuncupant)

180 2487 258 2547 qnae
281 2476 389 2527 cuncta
412 2463 492 2526 vitae
515 2464 682 2527 communis
705 2463 828 2526 nomine
850 2463 1007 2545 complexi
1035 2487 1150 2528 sumus.
1201 2468 1291 2527 Hanc
1312 2486 1392 2529 vero

181 2586 336 2660 tamquam
359 2575 506 2637 curriculi
528 2586 639 2637 metam
662 2575 792 2637 emensis
806 2596 865 2638 una
879 2577 1015 2637 restabat
1031 2597 1134 2638 rerum
1148 2575 1266 2649 ultima,
1290 2596 1388 2651 mors,

179 2686 300 2750 infinito
323 2687 482 2749 titulorum
505 2707 633 2750 numero
656 2685 827 2761 celebrata,
852 2685 1046 2770 quiquidem
1069 2708 1194 2759 omnes,
1218 2708 1391 2768 quamcun-

181 2819 242 2880 que
256 2800 384 2863 ,dcmum
406 2817 516 2860 rocem
538 2797 659 2859 mittant
682 2797 733 2859 vel
754 2797 823 2859 veri
843 2798 1010 2872 maeroris,
1034 2796 1086 2858 vel
1106 2796 1338 2860 benevolentiae
1360 2809 1392 2859 et

181 2907 335 2982 caritatis,
360 2909 411 2971 vel
432 2907 565 2971 levitatis
587 2930 622 2971 ac
644 2907 809 2988 superbiae
831 2907 911 2969 inter
932 2908 1050 2969 cineres
1072 2920 1103 2968 et
1125 2929 1210 2983 ossa,
1235 2907 1301 2969 iura
1323 2909 1390 2970 cul-

180 3030 307 3104 tumque
329 3019 430 3082 Detlm
452 3019 593 3082 Manium
614 3041 716 3104 quum·
730 3018 893 3080 identidem
915 3021 1131 3093 recordentur,
1155 3021 1194 3080 ad
1210 3017 1389 3101 religiones,

180 3133 261 3193 trude
281 3130 447 3215 progressi
468 3152 608 3206 cramus,
630 3127 719 3193 letali
732 3130 866 3212 quodam
881 3140 1097 3213 perpetuoque
1112 3128 1243 3192 circuitu
1259 3140 1289 3192 et
1304 3130 1390 3211 quasi

121 3293 125 3302 .
181 3243 259 3304 orbe
280 3264 338 3304 nos
358 3245 562 3304 reduxerunt.

262 3353 310 3415 lta
332 3353 474 3433 exposita
495 3353 554 3414 mei
575 3351 696 3417 consilii
718 3351 940 3433 simplicissima
959 3351 1078 3414 ratione
1094 3373 1129 3413 ac
1144 3352 1204 3426 via,
1228 3353 1267 3413 ab
1281 3354 1390 3412 harum

181 3484 288 3527 rerum
308 3462 508 3544 peritioribus
529 3462 659 3525 libenter
680 3462 804 3539 discam,
827 3474 930 3526 utrum
947 3461 1005 3524 ista
1019 3462 1199 3524 Latinarum
1213 3461 1391 3542 inscriptio·

180 3596 251 3638 num
275 3572 444 3654 descriptio
466 3573 568 3636 varias
591 3572 621 3635 in
643 3574 776 3648 classes,
808 3594 973 3658 earumque
995 3573 1115 3657 singula
1138 3572 1253 3653 capita,
1284 3593 1392 3654 quem-

79 3689 85 3712 *
180 3687 343 3747 admodum
366 3706 384 3747 a
405 3706 452 3747 me
475 3696 521 3747 est
542 3684 697 3760 instituta,
720 3684 803 3747 utilis
824 3686 929 3747 futura
952 3684 991 3747 sit
1006 3683 1065 3765 ipsi
1079 3683 1254 3763 disciplinae
1268 3682 1392 3764 epigra-

177 3781 305 3878 phicae,
340 3794 459 3858 necne?
513 3797 570 3858 Me
599 3796 720 3880 quidem
749 3794 921 3857 iamdudum
951 3796 1013 3857 hoc
1040 3794 1070 3855 in
1098 3796 1206 3856 labore
1235 3804 1391 3855 versatum

179 3929 252 3971 usus
273 3907 339 3991 ipse
362 3907 504 3983 edocuit,
530 3905 693 3989 unicnique
715 3904 808 3987 lapidi
829 3904 874 3967 sic
886 3905 1030 3967 facillime
1046 3916 1162 3966 certum
1177 3905 1279 3967 locum
1298 3925 1392 3984 posse

180 4017 349 4100 assignari,
372 4017 404 4080 iu
425 4039 489 4101 quo
511 4017 687 4080 universam
709 4014 897 4099 antiquitatis
916 4015 1076 4077 Romanae
1090 4014 1280 4096 disciplinam
1293 4016 1390 4090 iuvet,

180 4127 300 4202 firmet,
322 4126 475 4199 illustret3
509 4125 562 4209 qui
584 4128 718 4200 tandem,
741 4125 772 4187 ni
795 4125 902 4198 fallor,
926 4123 1062 4188 omnium
1084 4125 1257 4188 studiorum
1278 4128 1341 4188 hoc
1362 4126 1393 4188 iu

182 4258 295 4324 genere
317 4237 543 4300 collocatorum
567 4258 728 4319 aripremus
751 4246 799 4299 est
820 4234 901 4297 finit.

262 4347 322 4411 His
344 4348 485 4411 omnibus
507 4346 624 4411 subieci
645 4346 751 4428 Caput
771 4347 886 4410 XXII.
911 4367 951 4409 ex
972 4345 1069 4409 variis
1083 4347 1317 4410 Hannnnvcuu
1333 4349 1392 4410 ob-

182 4458 410 4523 servationibus
437 4457 555 4521 criticis
582 4467 747 4534 constans,
776 4476 857 4541 quae
878 4442 1009 4541 quidem¹
1022 4457 1121 4521 laudis
1143 4479 1229 4524 meac
1248 4456 1325 4520 nihil
1346 4458 1394 4520 in-

181 4570 300 4654 digent.
343 4568 579 4652 Praelationem
602 4578 702 4632 autem
725 4567 925 4653 subsequitur
953 4569 1041 4633 Artis
1070 4569 1196 4634 criticae
1223 4567 1394 4649 lapidarias
