3066 5182
214 288 253 354 ss
454 276 457 283 ’
1167 276 1213 357 ts

212 435 334 480 titulorum
356 431 413 479 tides
434 434 582 492 antiquorum
603 432 739 479 labefactari
763 439 786 480 et
806 433 878 479 everti
899 433 1015 479 videtur!
1032 455 1065 468 -
1083 452 1113 465 -
1134 433 1192 486 „lde
1212 446 1269 478 vero
1287 432 1432 489 experientia

212 523 304 576 docuit,
322 526 386 567 caute
404 523 589 576 procedendmn,
609 521 648 566 ahi
663 521 691 566 de
710 522 810 579 antiquis
829 523 892 566 sanis
907 523 1000 580 agitnr3
1018 521 1087 566 tacite
1101 534 1198 578 namque
1215 526 1251 565 est
1264 521 1433 576 suppositionis

212 615 291 655 notam
308 610 434 667 appingere
451 610 608 662 documentis,
632 624 691 667 quae
713 614 788 653 tamen
807 610 867 652 falsa
884 623 930 653 non
946 608 1024 654 sunt.”
1070 608 1104 653 lta
1121 609 1254 653 rectissimo
1273 608 1360 652 iudicio
1377 621 1432 652 usus
1452 592 1458 603 ’

211 694 296 754 Lupus
313 696 335 740 ia
356 693 487 752 Epitaphio
507 692 533 740 S.
556 695 668 740 Senarus.
687 709 740 755 pag.
766 694 805 741 19.
826 719 858 729 -
878 697 994 741 Videlicet
1013 701 1108 752 praeter
1130 710 1174 749 ea,
1202 709 1261 754 quae
1283 701 1362 739 natam
1378 699 1432 739 suat

211 798 225 827 a
244 780 355 835 Klotzio,
382 783 406 826 in
425 783 469 826 hoc
492 796 582 840 quoque
599 796 708 838 peccasse
728 784 819 827 videtur
836 782 1009 838 manaem,
1041 784 1105 827 cuius
1128 785 1218 840 reliqua
1235 784 1319 826 merita
1335 783 1432 826 inmune·

212 872 268 915 talia
285 884 353 916 nemo
370 884 407 913 me
428 870 537 914 libentius
561 872 678 929 agnoscit,
704 871 764 928 quod
786 870 859 915 sicubi
887 872 974 915 insoliti
998 872 1085 928 aliquid
1105 885 1150 914 non
1171 872 1247 918 solam
1271 870 1294 914 in
1315 870 1442 914 sermonis

213 958 304 1011 foruna,
327 959 367 1000 sed
389 957 459 1026 etiam
474 959 496 1001 in
515 958 647 1002 nominibus
667 960 784 1013 propriis,
804 959 826 1001 in
846 958 974 1002 honoribus
995 964 1020 1002 et
1039 958 1136 1013 publicis
1154 964 1178 1002 et
1193 957 1385 1013 municipalibus,
1406 957 1431 1000 in

214 1046 297 1089 ciliciis
314 1045 444 1088 minorihus
462 1059 488 1088 ac
504 1045 640 1098 servilibus,
664 1047 686 1089 in
710 1045 846 1090 inuneribus
866 1045 1021 1100 militaribus,
1054 1046 1076 1090 in
1097 1045 1167 1089 rebus
1189 1047 1280 1088 tandem
1306 1045 1380 1088 sacris
1409 1048 1435 1089 et

213 1132 316 1183 Deorum
333 1133 432 1176 maxime
450 1133 623 1187 municipalium
646 1135 866 1178 commemoratione
890 1137 1042 1186 occurreret,
1067 1133 1107 1176 ille
1123 1134 1191 1177 niunis
1210 1133 1291 1176 leuiter
1309 1131 1386 1175 statim
1401 1133 1431 1176 de

213 1219 299 1264 talibus
321 1218 496 1275 subdubiturct,
515 1222 551 1263 vel
570 1235 597 1264 ea
618 1233 716 1275 prorsus
733 1222 856 1265 reiiceret:
879 1235 967 1278 neque,
990 1223 1044 1264 dum
1058 1220 1134 1264 fallaci
1152 1221 1220 1263 nimis
1234 1218 1332 1262 arbitrio
1349 1223 1433 1263 cuncta

215 1308 242 1350 ad
261 1307 395 1351 italicorum
412 1307 461 1352 lere
478 1309 588 1355 amussim
605 1308 690 1365 exigit,
714 1313 769 1351 satis
788 1309 885 1353 attendit
899 1310 927 1351 ad
943 1322 994 1351 eam
1012 1321 1101 1365 quoque
1117 1311 1250 1362 perpetuam
1262 1306 1432 1360 diversitatem,

214 1408 272 1452 quae
295 1395 357 1439 inter
376 1396 496 1438 variorum
515 1396 653 1449 populorum
674 1394 791 1438 Romanae
812 1396 892 1438 ditioni
910 1395 1067 1439 subiectorum
1085 1395 1166 1438 titulos
1184 1393 1314 1439 intercedit.
1362 1393 1431 1449 Quod

213 1495 271 1525 vero
288 1477 402 1524 Klotsius
420 1482 541 1526 verissime
560 1487 638 1526 monet
658 1482 686 1525 de
707 1482 822 1525 sermonis
843 1482 988 1526 affectatione
1009 1483 1032 1525 in
1054 1483 1116 1525 saxis
1140 1495 1208 1539 quam
1225 1480 1331 1535 piurimis
1350 1493 1376 1522 ae
1393 1484 1432 1523 te·

214 1582 298 1620 more,
318 1569 426 1611 diuturno
444 1582 486 1613 usu
506 1570 601 1612 edoctus
620 1568 662 1612 boc
678 1568 816 1615 observasse
835 1569 891 1612 mihi
909 1570 1008 1623 videor,
1028 1570 1088 1613 idem
1106 1569 1173 1625 plane
1191 1570 1218 1612 de
1239 1566 1432 1622 inscriptionibus

214 1657 314 1708 valere,
341 1656 401 1712 quod
419 1652 564 1708 Crutnerus,
586 1657 689 1711 peracuti
710 1657 746 1698 vir
766 1657 853 1712 ingenii
872 1661 895 1700 et
915 1656 1077 1709 doctissimus,
1108 1657 1179 1699 variis
1200 1655 1311 1709 exemplis
1335 1655 1431 1697 demon·

214 1743 296 1786 stravit
313 1742 336 1785 ia
357 1741 481 1796 lCtorum,
501 1744 578 1802 legum
596 1748 619 1786 et
633 1743 823 1786 constitutionum
843 1744 898 1786 stilo
915 1743 1014 1786 serioris
1029 1744 1174 1798 potissimum
1194 1743 1278 1785 aetatis
1297 1742 1431 1796 „ampullas

215 1833 240 1873 et
255 1829 425 1886 sesquipedalia
442 1829 535 1873 uerha'’
556 1834 678 1883 captante,
698 1843 724 1872 ac
745 1835 841 1884 propter
864 1832 938 1884 ipsam
961 1830 1124 1886 loquacitatem
1144 1830 1235 1872 inanem
1256 1841 1324 1882 saepe
1345 1827 1434 1871 ohscu-

214 1917 287 1961 riore.
307 1916 339 1970 (v.
361 1914 473 1975 Suoigny
491 1911 635 1974 Zeitschrifl
644 1913 694 1974 fiir
711 1913 973 1974 liechtswissenscbofl
992 1918 1022 1960 T.
1039 1914 1063 1960 2.
1087 1931 1110 1971 p.
1125 1914 1194 1969 289.)
1229 1914 1347 1958 Simitibas
1368 1915 1432 1958 enim

214 2017 283 2061 quam
300 2004 400 2067 nuiqxime
420 2006 533 2061 gaudent,
553 2018 610 2061 quae
628 2008 710 2061 quarto
728 2005 807 2048 secuto
826 2008 922 2048 exeunte
941 2008 965 2046 et
981 2005 1062 2060 quinto
1081 2004 1166 2047 incisas
1185 2008 1237 2046 sunt
1255 2002 1430 2057 inscriptiones,

214 2092 314 2148 turgidis
336 2091 442 2134 toriiiulis
466 2090 566 2135 relertae
587 2105 613 2135 ac
636 2091 764 2147 verbosae;
792 2093 906 2135 decrescit
926 2091 1007 2135 deinde
1028 2096 1105 2134 tumor
1124 2090 1244 2145 paullatim
1264 2090 1315 2133 inde
1334 2094 1397 2133 retro
1415 2101 1433 2133 a

215 2178 331 2232 Septimio
349 2179 450 2230 Severo,
470 2179 559 2223 maiore
578 2180 646 2223 etiam
662 2180 809 2234 simplicitate
830 2192 855 2222 se
871 2180 1033 2245 ¹commendant
1050 2178 1237 2232 praecedentium
1253 2178 1431 2231 insuperatorana,

215 2266 394 2323 magistratuum
413 2272 435 2310 et
449 2272 594 2322 privatorum
610 2254 728 2310 hominum
743 2266 818 2319 tituli,
838 2265 1008 2320 simplicissima
1023 2266 1120 2323 denique
1136 2269 1189 2308 suat
1202 2268 1331 2322 augusteos
1349 2263 1434 2307 aetatis

214 2357 238 2397 st
254 2357 385 2408 temporum
402 2355 487 2397 veteris
505 2355 540 2397 rei
559 2328 664 2408 publicae
682 2359 839 2398 monumenta.

284 2441 459 2485 maturatae
484 2439 612 2495 (llliclmi'l)
637 2443 689 2494 „Ad
710 2454 764 2486 suas
788 2440 969 2486 Observationes
991 2453 1045 2485 usus
1066 2446 1101 2486 est
1123 2440 1197 2485 tribus
1219 2437 1359 2484 Ononiensis
1382 2437 1433 2481 edi·

214 2528 286 2597 tionis
303 2529 430 2583 exemplis,
450 2530 552 2585 adquae
570 2525 677 2571 'l'bomus
692 2525 815 2582 siuilliae,
835 2527 869 2571 lo.
889 2526 1043 2580 Psessonus,
1063 2534 1086 2573 et
1104 2526 1161 2572 Gal.
1180 2523 1306 2584 Strutsord
1319 2525 1434 2583 quaedam
1486 2511 1490 2517 ’

215 2616 370 2670 adscripsere.
414 2616 440 2660 tn
467 2616 503 2663 liis
527 2616 598 2675 igitur
621 2615 823 2662 observationibus
850 2617 972 2674 diligenter
998 2621 1062 2659 notat
1087 2615 1290 2659 ruat't‘'rs1atvs
1315 2613 1433 2656 diversam

214 2703 338 2748 lectionem
356 2717 402 2746 nun
420 2703 489 2747 modo
508 2704 623 2747 editorum
642 2705 803 2758 diversorum,
823 2705 863 2748 sed
882 2704 953 2747 etiam
969 2703 1128 2761 singulorum,
1153 2716 1167 2745 a
1187 2715 1213 2745 se
1234 2702 1290 2756 ipsis
1308 2699 1434 2756 aliquando

215 2790 385 2834 dissidentium.
422 2791 481 2847 Quid
500 2792 575 2846 ipsum
593 2792 753 2846 impediverit,
785 2805 830 2848 quo
851 2791 972 2834 minusad
991 2790 1041 2844 ipsa
1060 2789 1203 2847 autographa
1221 2788 1310 2843 lapidea
1327 2787 1436 2844 exigeret

215 2878 238 2919 id
258 2889 330 2934 genus
348 2877 488 2930 vanientes,
514 2891 587 2935 neque
608 2879 659 2933 ipse
680 2883 861 2931 commemorat,
890 2892 964 2934 neque
984 2882 1091 2921 nostram
1111 2882 1146 2921 est
1165 2875 1295 2919 divinare.”
1311 2879 1356 2919 cet.
1374 2872 1432 2920 Aes.

215 2961 294 3009 Erud.
314 2962 383 3021 Lips.
404 2960 478 3010 1734.
502 2979 526 3020 p.
550 2963 590 3009 51.
611 2985 643 2995 —
660 2967 694 3008 Ad
712 2965 855 3023 autographa
877 2964 1081 3008 Mst'ruatttlvs
1102 2976 1143 3007 cur
1160 2977 1205 3006 aon
1226 2961 1331 3020 exegerit
1347 2961 1433 3006 sditio-

215 3063 268 3094 nem
285 3063 365 3102 suam,
390 3051 458 3096 tacita
476 3056 513 3095 est
527 3053 647 3107 divinare;
667 3052 719 3108 quia
738 3052 836 3095 Londini
854 3052 901 3095 iam
922 3065 993 3095 senen
1010 3053 1074 3095 ittam
1092 3057 1116 3095 et
1132 3052 1225 3095 molitus
1243 3054 1294 3102 est,
1313 3053 1337 3092 et
1353 3047 1434 3091 absol·

214 3138 264 3192 vit,
283 3139 364 3192 procul
382 3138 411 3181 ab
429 3139 579 3196 autographis
598 3137 684 3182 Onouii
702 3139 880 3194 conspiciendis.
902 3158 934 3169 -
951 3138 1087 3183 ililGlilllB.

282 3224 439 3269 MALVASth
464 3221 577 3280 (Carolus
604 3220 705 3279 Ceasar)
729 3226 755 3268 ln
785 3227 836 3270 eius
867 3222 1036 3269 Marinorilss
1064 3225 1183 3269 Pelsiasis
1213 3225 1294 3280 spuria
1319 3223 1434 3282 quaedem

214 3312 374 3366 reperiantur.
393 3323 416 3354 v.
436 3309 533 3372 Maffsii
549 3314 578 3357 Α.
597 3311 626 3354 C.
645 3311 673 3355 L.
693 3324 715 3366 p.
736 3309 794 3356 216.
814 3316 837 3356 et
855 3310 912 3356 tlt.
948 3311 1030 3357 Eidem
1053 3313 1228 3356 MALVASltE
1251 3313 1342 3356 sincera
1364 3311 1431 3354 vids·

215 3398 284 3442 batur
301 3398 459 3442 famosissime
476 3398 517 3441 ille
533 3396 606 3441 Aelio
623 3396 710 3442 Laelio
729 3396 824 3456 crispis
846 3395 904 3456 [nove
927 3405 985 3442 nutu
1008 3413 1144 3458 resurgens
1167 3396 1260 3447 Bonan.
1282 3395 1355 3442 1⁶8³.
1373 3394 1433 3455 ioh]

160 3510 164 3518 ·
215 3486 328 3544 singulari
347 3485 408 3528 libro
426 3485 455 3528 ab
473 3500 502 3530 eo
519 3486 643 3531 illusuata.
690 3485 725 3530 Ea
749 3500 805 3531 vero
828 3488 862 3530 sic
880 3486 963 3540 hebet,
994 3500 1022 3530 ne
1040 3485 1095 3530 alibi
1113 3501 1164 3530 cnm
1183 3486 1293 3540 temporis
1311 3484 1434 3539 dispendis

215 3572 257 3617 tibi
275 3573 306 3617 sit
322 3573 471 3630 quaerenda:
506 3571 540 3617 D.
559 3569 596 3616 M.
618 3577 628 3621 t
648 3570 720 3617 Aelia
736 3572 823 3617 Laelio
843 3571 940 3630 crispis
962 3578 972 3620 lt
992 3559 1042 3618 Nec
1060 3574 1098 3618 eir
1115 3586 1158 3616 nac
1174 3573 1263 3615 anulisr
1279 3586 1323 3615 asc
1341 3569 1434 3616 esdro-

215 3673 288 3720 gyno
307 3661 317 3707 ΙΙ
337 3657 388 3704 Nee
409 3661 494 3716 puelle
517 3674 561 3704 nec
584 3660 680 3705 iuuenis
702 3675 745 3704 nec
769 3674 832 3705 unies
853 3665 862 3706 ΙΙ
888 3659 939 3705 Nec
956 3666 1027 3704 coste
1044 3673 1088 3703 nec
1105 3661 1226 3702 meretrix
1243 3672 1287 3702 nse
1303 3657 1397 3716 pedico
1418 3662 1431 3706 Ι

215 3745 266 3791 Sed
287 3747 371 3790 omniu
397 3752 406 3795 t
433 3746 535 3792 Sublata
561 3750 571 3796 tl
596 3746 679 3806 Neque
695 3744 768 3805 sunus
792 3726 867 3806 visque
882 3743 959 3804 serre
983 3760 1059 3805 neque
1082 3759 1171 3790 senene
1192 3751 1202 3793 l
1222 3745 1271 3790 Sed
1286 3744 1397 3789 semibus
1419 3744 1430 3792 Ι

216 3832 352 3878 Nee-coeto
368 3847 413 3876 neo
430 3837 502 3892 equis
519 3848 564 3878 nec
582 3836 657 3878 terris
677 3838 688 3882 tt
711 3832 760 3877 Sed
777 3833 863 3892 ubique
882 3834 946 3876 iacet
966 3836 975 3883 ΙΙ
997 3833 1089 3878 Lucius
1105 3830 1202 3892 Agnitio
1218 3832 1330 3877 Prisc-ias
1351 3835 1361 3880 ll
1381 3828 1436 3876 Nee

217 3920 385 3977 moritusnneo
402 3927 498 3965 ornator
514 3934 558 3964 nee
575 3920 732 3967 necessarius
755 3923 764 3969 ΙΙ
784 3919 867 3980 Neque
885 3934 996 3964 moerens
1014 3935 1091 3979 neque
1108 3919 1221 3980 gaudens
1239 3933 1315 3978 neque
1332 3918 1398 3981 flens
1420 3920 1433 3967 Ι

216 4004 289 4050 Hono
309 4011 319 4054 l
339 4005 389 4052 Nec
405 4009 493 4054 molam
509 4021 554 4050 nee
567 4006 727 4065 pyramidem
743 4020 788 4050 aec
805 4008 946 4064 sepulcrum
966 4010 976 4054 l
996 4005 1047 4051 Sed
1062 4007 1145 4051 onmia
1165 4010 1175 4053 lt
1196 4006 1249 4051 Scit
1265 4011 1289 4050 et
1302 4006 1381 4051 nescit
1391 4006 1437 4050 caci

215 4095 337 4150 poscuerit.
360 4097 370 4141 ΙΙ
392 4115 423 4127 -
441 4094 571 4137 Bononiae.
592 4116 623 4127 ——
642 4091 695 4148 lpse
713 4094 870 4138 allevasti
888 4092 978 4157 xalta.
1015 4095 1087 4138 Viros
1105 4096 1186 4138 doctos
1203 4098 1324 4149 recenset,
1348 4093 1387 4151 qai
1409 4093 1436 4138 ia

218 4179 254 4224 bis
272 4180 339 4238 nugis
357 4181 496 4225 extricandis
514 4180 737 4236 interpretandisque
755 4182 833 4225 oleum
850 4185 874 4225 et
891 4194 987 4235 operam
1014 4181 1178 4236 perdiderant,
1203 4180 1287 4238 quibus
1310 4186 1365 4238 post
1381 4192 1437 4225 caan

217 4280 356 4313 successere
374 4267 414 4310 atii
432 4277 478 4310 non
495 4267 572 4310 minus
589 4268 664 4312 stulti.
685 4268 736 4311 Cir.
756 4267 885 4313 marran
903 4272 932 4311 A.
951 4267 981 4311 C.
1000 4267 1029 4310 1..
1049 4280 1073 4322 p.
1093 4265 1152 4312 472.

286 4340 499 4399 manusnotat:
524 4351 643 4407 (loannis)
666 4355 764 4399 schedae
790 4356 876 4410 passim
895 4356 1059 4413 impugnantur
1076 4368 1090 4397 a
1107 4351 1208 4415 Muffeio
1225 4368 1248 4399 v.
1267 4369 1289 4405 c.
1307 4357 1336 4401 Α.
1356 4354 1385 4399 C.
1403 4353 1437 4400 Ι..

219 4455 243 4499 p.
268 4438 326 4487 ³28.
353 4437 410 4486 329.
436 4444 460 4484 et
482 4445 575 4484 nutams
599 4438 761 4488 Tiaeboscleio
778 4441 862 4489 storia
884 4441 951 4485 della
972 4443 1024 4486 lett.
1048 4439 1105 4484 teat.
1131 4442 1161 4485 Τ.
1183 4438 1207 4486 6.
1233 4442 1262 4487 Ρ.
1284 4441 1307 4486 1.
1331 4455 1355 4496 p.
1376 4437 1438 4491 tut.

219 4530 288 4587 longe
305 4529 373 4584 plura
390 4539 417 4570 es
436 4528 535 4570 aliorum
554 4528 707 4586 apographis,
727 4542 794 4585 quam
813 4543 841 4573 ex
860 4530 917 4584 ipsis
936 4528 1050 4584 lapidibus
1068 4529 1159 4572 videtur
1177 4529 1366 4584 transcripsisse.

278 4590 440 4658 ‘mannan
464 4612 627 4667 (sammua.)
651 4619 674 4658 a
696 4615 821 4661 numan
846 4613 974 4672 iurasse.)
999 4613 1100 4681 t‘oyuga
1123 4613 1245 4662 cateruae
1262 4614 1292 4660 a.
1309 4614 1376 4660 aaz
1393 4613 1442 4662 a..
