3066 5182
568 315 956 384 PRAEFATIO·
1330 327 1367 387 17

156 479 418 562 supplementum,
455 481 567 563 partim
599 504 638 543 ex
672 482 806 545 eiusdem
839 486 960 547 schedis
993 490 1231 568 depromptum,
1269 494 1324 552 sed
1352 513 1368 553 a

153 592 246 657 nobis
267 591 418 676 singulari
438 594 542 657 studio
564 605 698 656 auctum.
742 597 774 657 A
793 594 1044 660 Christianorum
1063 618 1143 660 vero
1167 602 1370 663 monumentis

151 706 206 782 (de
235 725 368 789 quornm
396 703 428 765 in
450 704 630 788 autirpritatc
652 706 856 768 ecclesiastica
881 729 937 769 usu
958 719 1031 788 post
1053 709 1254 771 Muenterum
1275 733 1368 792 prae·

152 815 240 877 clare
261 836 360 897 nuper
382 814 550 897 disputavit
573 817 751 893 Gesenius,)
775 820 904 897 paucula
926 821 1076 899 quaedam
1098 818 1124 880 si
1146 820 1281 901 excipias
1300 823 1371 884 hinc

152 926 227 988 inde
254 948 381 1008 sparsa,
411 926 469 988 luit
497 926 727 1002 abstinendum,
763 949 799 990 ne
832 929 960 989 licenter
980 927 1114 990 instituti
1136 930 1196 991 mei
1216 933 1293 993 fines
1315 933 1373 994 mi-

153 1057 297 1121 grarem.
319 1069 360 1080 -
402 1038 440 1100 ln
461 1050 637 1119 temporum
666 1039 787 1102 ratione
817 1042 973 1113 notanda,
1005 1038 1121 1123 ubique
1150 1053 1274 1104 secutus
1303 1064 1369 1105 sum

154 1149 271 1212 Fastos
296 1149 602 1212 Almcloreeuianos.

242 1262 406 1342 Superest,
436 1271 469 1322 ut
490 1263 527 1322 de
549 1261 691 1344 legibus,
725 1283 801 1345 quas
823 1262 851 1324 in
874 1264 998 1327 edendis
1027 1264 1283 1346 inscriptionibus
1304 1264 1371 1346 ipsc
1394 1265 1396 1270 ’

156 1371 235 1435 mihi
261 1371 389 1454 scripsi,
420 1371 527 1452 paucis
557 1392 723 1453 exponam.
780 1373 816 1436 ln
845 1373 881 1436 iis
904 1396 942 1437 ne
963 1396 1023 1436 una
1045 1374 1168 1457 quidem
1190 1375 1312 1437 lilertda
1334 1377 1371 1436 de

156 1483 357 1556 coniectura,
392 1482 450 1544 etsi
471 1503 564 1563 saepe
586 1483 776 1559 certissima,
808 1495 856 1546 cst
884 1485 1056 1548 immutata.
1101 1486 1139 1548 Id
1160 1496 1276 1546 tantum
1300 1485 1373 1547 mihi

156 1593 281 1656 arbitrii
308 1594 440 1674 sumpsi,
471 1603 505 1654 ut
534 1615 613 1675 quae
635 1593 665 1655 in
689 1594 938 1657 adnotationibus
959 1596 1142 1678 praesertim
1165 1597 1313 1658 Gudianis
1335 1599 1374 1657 ad

157 1706 332 1767 Gruterum
353 1716 511 1786 tamquam
532 1705 666 1785 lapidum
687 1704 829 1786 ipsorum
852 1707 1025 1768 afferuntur
1046 1706 1210 1781 lectiones,
1234 1728 1289 1769 sua
1305 1707 1373 1787 plc-

156 1836 292 1898 rumque
313 1815 466 1877 evidentia
488 1814 839 1899 scsc'J—commendantes,
861 1817 1053 1899 postliminio
1074 1816 1261 1899 reciperem,
1284 1817 1373 1879 item-

156 1947 221 2009 que
250 1947 290 1988 ex
319 1926 386 1988 aliis
416 1925 548 1988 aliorum
578 1926 661 2007 typis
689 1927 935 1995 accuratioribus
965 1939 1134 2011 corruptos
1163 1932 1373 1991 emendarem.

157 2039 251 2100 Haec
278 2058 356 2099 vero
384 2037 485 2113 ratio,
516 2036 691 2100 necessario
719 2036 787 2098 fere
816 2041 965 2111 tenenda,
995 2039 1049 2100 ubi
1076 2034 1241 2128 ἀρχετύπῳ
1271 2061 1375 2102 snmus

158 2148 309 2224 destituti,
334 2170 391 2210 cnr
412 2158 464 2210 ant
487 2147 612 2211 omnino
634 2149 890 2230 reprehendenda
912 2147 964 2223 sit,
992 2160 1045 2211 ant
1067 2150 1105 2211 ab
1128 2149 1233 2232 aliquo
1255 2148 1375 2229 impro·
1441 2179 1449 2191 =

157 2259 231 2321 bari
258 2259 414 2341 potuerit,
449 2258 590 2341 equidem
619 2272 750 2338 prorsus
779 2278 843 2320 non
869 2258 1033 2350 intelligo:
1065 2259 1145 2323 idern
1174 2259 1254 2322 enim
1277 2259 1377 2321 critici

159 2391 269 2434 omnes
291 2370 385 2432 licere
415 2368 492 2444 sibi,
526 2368 622 2430 immo
644 2368 692 2431 sui
714 2368 808 2432 officii
830 2368 990 2449 inprimis
1012 2391 1079 2432 esse
1100 2389 1223 2452 semper
1246 2391 1375 2432 censue-

157 2493 251 2556 runt,
286 2493 320 2542 nt
347 2479 481 2543 diversis
510 2500 527 2541 c
555 2478 717 2542 codicibus
744 2479 841 2560 ipsius
871 2479 1036 2563 scriptoris
1063 2502 1186 2543 mantnu
1212 2481 1377 2542 restituere

158 2602 368 2664 conarentnr3
391 2592 466 2652 illud
481 2595 696 2654 tantummodo
711 2590 949 2671 inscriptionum
964 2611 1091 2673 qnoque
1106 2591 1241 2654 editores
1252 2602 1377 2654 servent

160 2723 290 2764 necesse
312 2714 377 2776 est,
411 2713 445 2762 ut
465 2700 646 2782 scriptionis
667 2700 849 2763 varietatem
871 2702 1020 2784 religiose
1040 2702 1143 2765 ubivis
1165 2712 1311 2775 euntem,
1342 2723 1378 2763 ac

159 2813 342 2895 posteritati
360 2811 466 2874 iudicii
487 2811 609 2873 ferendi
623 2822 810 2892 potestatem
826 2811 1020 2892 permittant.
1064 2813 1284 2893 supplementa
1300 2833 1378 2874 vero

160 2923 320 2985 rarissime
340 2922 523 3005 fragmentis
545 2931 616 2982 stunt
644 2922 777 2996 inserta,
808 2943 906 3005 eaque
936 2921 1034 2984 literis
1064 2923 1236 2985 minoribns
1263 2943 1377 2984 excusa

162 3047 193 3097 et
207 3034 295 3117 qums
309 3035 438 3114 insuper
452 3054 469 3093 a
483 3030 617 3112 lapidum
631 3031 707 3112 ipsis
719 3032 856 3115 reliquiis
869 3034 1052 3115 plerumque
1068 3034 1199 3096 seclusa.
1221 3033 1378 3098 Paucissi·

161 3146 220 3208 mis
241 3145 400 3225 exceptis,
423 3142 551 3226 (quibus
572 3162 694 3223 semper
714 3155 777 3205 cet.
800 3143 1010 3224 subscriptum
1038 3149 1103 3221 cst)
1133 3165 1239 3207 omnes
1268 3144 1378 3206 inscri-

161 3256 286 3338 ptiones
307 3256 447 3337 integras
469 3254 554 3329 dedi,
585 3253 644 3315 etsi
664 3252 695 3315 in
716 3254 779 3315 fine
800 3253 843 3315 nil
864 3255 922 3316 nisi
950 3253 1095 3329 nomina,
1126 3257 1175 3316 vel
1205 3253 1378 3316 notissimas

162 3368 315 3429 formulas
337 3366 529 3446 sepulcrales
551 3364 766 3428 continerent:
789 3363 858 3445 ipse
879 3364 959 3426 enim
982 3363 1071 3426 nimis
1094 3386 1186 3445 saepe
1207 3365 1378 3427 molestiam

163 3477 244 3539 illam
265 3488 414 3557 expertus
433 3496 534 3551 eram,
558 3497 619 3560 qua
639 3475 805 3550 afficimur,
829 3475 882 3536 ubi
896 3478 1053 3538 decurtata
1067 3476 1230 3557 inscriptio
1246 3478 1379 3539 offertur

162 3588 359 3663 timentibus,
386 3608 425 3648 ne
455 3585 612 3670 gravioris
635 3584 751 3667 aliquid
771 3586 917 3647 momenti
939 3585 1031 3648 nobis
1053 3586 1242 3648 subtraxerit
1263 3587 1376 3648 editor.

164 3699 287 3760 Versus
308 3696 545 3777 inscriptionum
569 3696 649 3758 linea
671 3707 850 3757 transversa
872 3714 979 3757 omnes
1000 3695 1082 3757 inter
1100 3717 1133 3758 se
1151 3696 1378 3764 discriminavi;

163 3808 205 3870 ita
228 3819 262 3869 ut
282 3828 437 3892 quemque
472 3805 481 3820 '
516 3807 578 3868 lum
601 3805 747 3869 facillima
768 3826 866 3886 opera
893 3804 1054 3884 pristinam
1074 3804 1106 3865 in
1127 3805 1261 3867 formam
1278 3809 1379 3867 denuo

164 3917 311 4000 redigere
333 3938 441 4002 queas.
482 3916 594 3980 Locos
616 3936 784 3989 saxorum,
808 3913 983 3998 ubicunque
1004 3927 1139 3996 propter
1156 3916 1296 3996 priorum
1317 3916 1380 3978 edi·

163 4041 268 4092 torum
290 4028 469 4118 socordiam
491 4048 553 4112 ego
576 4029 659 4089 haud
684 4017 882 4109 ignorarem,
915 4036 1061 4088 acerrrate
1090 4026 1256 4100 adnotavi,
1291 4027 1382 4090 sicuti

163 4151 194 4201 ct
223 4140 340 4216 libros,
369 4141 450 4201 unde
477 4141 720 4222 unumquodque
750 4139 942 4216 desumptum
980 4149 1039 4199 cst.
1096 4139 1269 4212 Notarum,
1306 4160 1382 4223 quas

163 4253 320 4331 barbam,
355 4254 410 4314 sed
437 4249 552 4312 usitato
582 4249 757 4312 iamdudum
780 4248 810 4309 in
833 4269 869 4310 re
891 4247 1094 4333 epigraphica
1117 4251 1274 4312 vocabulo
1295 4251 1384 4332 sigla

163 4361 214 4422 vel
235 4361 344 4444 siglas
367 4360 542 4442 appellant,
565 4358 858 4440 interpretationem
873 4357 990 4442 ubique
1004 4359 1072 4422 lere
1088 4360 1203 4434 adieci,
1228 4382 1265 4423 ne
1283 4362 1383 4423 lector

162 4472 263 4535 minns
285 4473 347 4536 boe
367 4473 399 4534 in
423 4491 538 4555 genere
561 4481 715 4545 versatus,
739 4471 790 4556 vel
812 4470 949 4532 incertus
970 4472 1125 4546 haereret,
1149 4471 1199 4532 vel
1222 4473 1259 4531 ad
1278 4492 1383 4532 earum

161 4583 371 4659 coniectores,
382 4581 542 4646 Coletium
557 4594 588 4644 et
598 4582 803 4653 Gerrardum,
820 4581 920 4643 curnis
937 4581 1062 4663 generis
1078 4580 1241 4643 erroribus
1250 4582 1384 4643 refertos

202 4694 288 4734 cottana
303 4694 403 4747 Inscripti.
415 4693 479 4733 Latiis.
1120 4693 1139 4752 ρ
