3066 5182
488 313 754 373 EPIGRAPIIICA
774 312 856 370 XIII.
1227 312 1281 371 oet

66 457 263 508 concinnatum
291 451 452 524 authuariit
480 445 604 500 omnibus
634 444 785 499 admodum
802 443 897 498 utilem
920 440 978 496 lore
1004 440 1037 495 ad
1061 440 1166 498 eaedem
1186 446 1284 495 iuteri-

63 551 173 619 ptiouee
205 547 321 608 invicem
337 538 536 618 conferendae.
577 542 611 592 Δι
640 544 669 591 ln
695 552 772 592 tauta
799 537 939 591 literarum
967 535 1027 587 luce
1053 539 1096 587 tlt
1118 536 1186 588 naec
1201 526 1284 588 hodie

63 632 214 691 reficiunt.
260 636 375 701 Nonne,
406 647 435 687 ιι
468 631 577 701 iudice,
615 635 700 684 aatlut
733 629 823 695 loret,
848 633 946 702 'variae
973 627 1106 681 lectione·
1134 626 1285 681 annotare?

64 734 163 784 altiora
193 727 272 794 loca,
299 725 481 800 interpolata?
513 728 543 778 iu
567 739 612 777 eae
636 722 779 777 doctorum
805 711 924 774 virorum
949 719 1159 786 illurtratiot'tee,
1186 734 1214 773 et
1239 737 1285 774 ιι-

64 821 248 895 plicationetl
278 817 362 871 malae
388 817 530 871 verborum
550 833 595 870 out
621 806 748 888 aiglarum
768 814 1024 886 interpretationes?
1053 829 1117 868 num
1144 811 1285 866 mutilatae

63 913 107 967 ael
126 918 247 985 integrae
266 913 341 964 riuti
362 926 428 963 num
444 914 559 982 aparine,
580 927 642 962 num
663 906 770 975 dubiae,
788 920 834 958 aut
852 894 1001 977 genuinae?
1019 920 1084 957 num
1102 908 1162 976 qula
1180 909 1287 977 parico-

64 1023 119 1079 pen
138 1007 302 1077 excerpserit
320 1000 354 1055 ad
375 1001 489 1055 alicuine
510 1006 627 1054 auctorit
650 1000 878 1055 illustrationem?
895 995 1004 1060 numid
1026 1013 1108 1070 genua
1128 997 1199 1050 allai
1217 1012 1285 1069 qnae

64 1101 157 1152 omnia
181 1111 256 1150 nnnc
283 1110 349 1169 paro
376 1109 403 1148 et
426 1098 575 1168 partimin
597 1091 747 1146 advertarla
766 1096 822 1145 iam
841 1089 925 1144 relata
944 1088 1040 1143 babeo.
1076 1089 1174 1144 Nonne
1194 1104 1221 1142 te
1239 1087 1286 1142 tle-

67 1189 235 1255 Iraudatem,
264 1193 289 1242 ei
314 1186 487 1241 doctiteimae
511 1185 712 1240 lucubrationet
738 1199 797 1237 tuae
825 1188 853 1236 ln
879 1187 1070 1256 intcriptionet
1095 1197 1110 1234 ι
1132 1182 1285 1236 Muratorio

67 1278 162 1337 veleb
181 1281 242 1334 allia
261 1281 380 1355 prolatae
400 1293 446 1333 aut
465 1295 521 1331 non
539 1276 705 1344 indicarem,
729 1276 769 1331 rel
789 1292 897 1350 proteat
920 1278 1090 1329 omitterem?
1120 1275 1182 1328 Uno
1203 1274 1286 1328 verbo

65 1373 174 1441 dicam,
195 1374 263 1426 milri
284 1378 314 1427 ln
332 1376 425 1426 auimo
443 1387 500 1437 eet,
519 1385 693 1441 quaecunque
713 1383 729 1420 ι
748 1367 838 1422 doctia
860 1372 924 1423 viria
943 1373 972 1421 in
992 1384 1165 1443 quotcunque
1182 1367 1289 1441 laplrlea'

64 1480 198 1520 annotate
217 1464 306 1532 fuere,
329 1460 461 1522 lectorem
481 1458 606 1525 moneret
633 1461 731 1516 etalio
752 1466 862 1535 insuper
880 1458 1042 1541 adiungere,
1066 1448 1133 1533 quae
1150 1450 1286 1533 genuinae

63 1574 307 1635 monumentorum
327 1561 545 1635 interpretationi
568 1559 696 1632 inservire
714 1569 844 1626 puerunt,
870 1568 896 1607 et
922 1569 937 1605 ι
963 1551 1031 1607 falna
1057 1568 1186 1610 evertere.
1222 1556 1286 1608 Dlt·

66 1648 262 1705 certationibut
287 1650 382 1723 aurem'
401 1648 483 1702 nullia
507 1664 582 1715 utar,
612 1641 747 1711 brevilaut'
765 1646 853 1699 tolum
881 1645 1102 1701 annotationibut
1125 1659 1286 1716 contentae,

64 1762 122 1797 rem
142 1759 229 1797 totam
248 1740 400 1816 expediam:
431 1756 475 1806 et,
493 1747 523 1794 ni
542 1741 619 1805 librlt
638 1740 763 1813 plurimit
783 1736 871 1792 adhuc
890 1754 1027 1806 carerem,
1055 1738 1096 1791 vel
1115 1756 1183 1812 opat
1202 1744 1286 1794 inter·

67 1841 219 1902 mitiorem,
250 1834 415 1889 alienletima
438 1833 526 1909 erudio
545 1849 722 1899 coneecutue,
750 1821 891 1905 negotium
912 1829 1004 1884 fortan
1028 1847 1098 1904 ereet
1117 1831 1284 1891 confectum.

64 1928 151 1984 Porro
169 1946 253 2001 quum
271 1928 305 1979 ab
326 1928 369 1980 hie
387 1943 462 1979 nnuc
480 1931 531 1980 aim
546 1913 631 2000 'plane
648 1925 718 1978 lilrer
735 1940 763 1978 et
781 1909 840 1978 otio
857 1922 948 1990 fruar,
966 1907 1133 1996 pruritibus
1152 1941 1237 1998 agam,
1255 1944 1285 1982 ot

63 2020 151 2074 indici
177 2037 240 2074 meo
265 2019 344 2073 finem
363 2025 515 2092 imponam:
546 2017 614 2072 Iaxit
638 2018 672 2071 D.
695 2019 731 2073 Ο.
753 2017 811 2083 M„
835 2031 866 2070 ut
885 2033 1011 2089 prospera
1031 2015 1182 2071 valetudiue
1202 2015 1287 2086 lruar,

63 2130 136 2186 quae
161 2115 230 2166 mibi
256 2128 349 2166 tamen
375 2115 532 2184 raepieaime
557 2111 703 2163 lmbecilla.
748 2109 824 2164 llautl
849 2108 974 2179 equidem
998 2107 1132 2177 diffiteor,
1162 2115 1226 2181 qnln
1249 2117 1286 2166 tit

63 2223 134 2283 opor
154 2211 302 2259 immensae
327 2204 425 2271 molle,
456 2202 701 2274 difficillimumque
725 2203 902 2273 praegrande
926 2204 1039 2255 vomere
1064 2222 1179 2256 eoxtrm:
1209 2219 1236 2259 ιι
1261 2209 1285 2259 ti

21 2318 25 2323 ·
64 2298 168 2353 cardiue
194 2298 223 2353 ld
248 2304 276 2352 ln
303 2298 391 2351 lucem
416 2301 555 2361 emittam,
586 2294 651 2369 quid
678 2292 740 2349 iude
766 2293 875 2348 damnll
905 2296 998 2349 utilius
1018 2295 1140 2368 profectu
1161 2302 1231 2364 erlt,
1262 2302 1286 2351 ei

66 2391 220 2444 differatur:
243 2406 285 2444 ιιι
304 2396 377 2455 cito,
398 2395 421 2443 tl
443 2404 484 2442 ιιι
504 2389 582 2442 bene.
619 2386 700 2458 Quod
718 2387 961 2441 laboriotiaeimnm
980 2405 1056 2455 erat,
1075 2407 1174 2464 nempe
1188 2393 1287 2443 'aneto-

64 2501 126 2536 rutn
146 2488 270 2535 omnium
287 2483 347 2537 loca
366 2487 512 2552 unicuique
531 2486 704 2555 inscriptioni
724 2480 900 2553 eubiungere,
921 2486 975 2534 iam
995 2479 1150 2536 confectum
1169 2497 1224 2537 eata
1253 2502 1286 2537 ex
1319 2542 1321 2548 Α

64 2580 118 2642 iia,
142 2592 211 2647 quae
236 2590 355 2643 restant,
380 2580 489 2628 tametsi
513 2573 696 2647 periculorum
714 2578 855 2646 negotium
879 2587 907 2626 et
930 2575 1004 2627 aleae
1028 2574 1154 2649 plenum,
1181 2580 1286 2649 experi-

64 2684 187 2722 mentum
205 2666 318 2729 faciam
350 2682 377 2721 et
395 2684 478 2737 quum
496 2665 530 2719 ed
549 2666 627 2719 finem
647 2682 705 2720 tota
726 2684 768 2719 ιιι
794 2665 923 2740 perducta
942 2672 1010 2734 erit,
1038 2666 1137 2722 librom
1162 2684 1284 2722 nottmm

63 2765 184 2814 virorum
208 2760 351 2814 doctorum
376 2759 496 2826 iudicio,
525 2775 573 2814 tuo
597 2764 754 2833 praesertim
775 2764 947 2832 permittam:
979 2766 1002 2814 ι1
1023 2762 1155 2834 probant,
1182 2759 1286 2828 edetur,

60 2858 109 2906 eiu
133 2869 225 2907 autem
249 2853 368 2908 carbone
391 2852 541 2919 notabunt,
571 2868 700 2926 perpetuo
725 2851 906 2908 damnabitur.
942 2855 984 2907 Tu
1009 2858 1139 2921 luterIm,
1169 2859 1192 2908 ι1
1220 2853 1286 2927 qnid
1324 2874 1327 2879 ·

62 2962 142 3019 potet
159 2951 257 3019 (potet
275 2963 366 3000 antem
385 2962 467 3019 quam
487 2950 638 3013 maxime),
666 2945 810 3007 conatibus
831 2950 933 2998 nostrie
955 2944 1031 3013 Iove,
1060 2962 1087 3001 et
1109 2963 1286 3020 quaecunque

61 3052 173 3111 promea
200 3057 233 3090 er
261 3038 421 3094 adremariit
450 3044 504 3094 ιιι1ι
529 3037 640 3091 adrem
663 3052 786 3091 nottram
812 3036 955 3104 facientia,
985 3043 1008 3092 ri
1030 3028 1140 3093 mecum
1164 3058 1286 3095 commu-

62 3134 156 3198 nicet,
175 3128 401 3198 iucundissimum
419 3135 488 3195 erit,
509 3129 665 3202 debitaeque
684 3124 774 3202 grater
795 3130 846 3183 tibi
864 3129 988 3186 referum.

138 3213 267 3278 Pococltii
295 3215 486 3295 lnacriptiouee
515 3227 637 3293 antiquae
665 3237 737 3274 auno
761 3228 843 3280 1752.
872 3221 920 3277 Iol.
950 3222 1035 3277 editae
1060 3222 1180 3281 nondum
1205 3232 1285 3290 oovlr

60 3315 182 3383 curabo,
210 3332 239 3370 ut
263 3314 394 3369 habeam:
427 3312 536 3368 titulum
561 3314 725 3386 deacriptum
751 3330 832 3384 rogo,
860 3314 901 3367 vel
922 3314 1044 3386 Geancro
1066 3332 1177 3384 noatro,
1203 3298 1285 3389 quent

62 3408 135 3482 bene
160 3408 246 3461 valere
264 3407 368 3474 iubeo,
398 3405 504 3472 tradat,
535 3411 582 3478 qui
608 3422 716 3458 mecum
742 3405 966 3459 communicabit.
1003 3408 1107 3460 Mirum
1132 3407 1204 3462 lrautl
1225 3427 1285 3463 eote

61 3489 118 3555 tibi
138 3499 235 3568 debet,
254 3502 410 3555 Cerrinium
429 3498 529 3552 librum
547 3499 620 3552 hunc
639 3498 672 3552 ad
693 3513 790 3551 manna
810 3515 864 3550 nou
883 3498 1025 3564 lrabuieee,
1050 3505 1178 3572 quoniam
1199 3485 1285 3556 multa

61 3585 146 3646 «locta
165 3593 301 3646 volumina
321 3599 350 3647 in
369 3593 450 3648 ltalia
468 3590 556 3646 adhuc
574 3590 768 3645 desiderantur.¹
794 3592 940 3644 Mtittairii
957 3590 1098 3659 Marmora
1118 3590 1285 3649 Oxonlenri'a

61 3701 206 3758 nonquam
230 3685 351 3752 uiderat,
388 3701 531 3759 antequam
555 3684 629 3759 Sclp.
647 3683 775 3739 Maiieiue
802 3683 841 3737 llli
868 3682 1077 3742 conuerreret.
1114 3686 1196 3741 lianc
1222 3705 1286 3743 vero

10 3772 12 3777 ’
62 3776 156 3832 ordini
185 3795 235 3832 tuo
265 3784 432 3852 praeponitur
461 3784 544 3832 vitam
571 3780 670 3831 Romae
698 3776 787 3850 degit,
818 3791 845 3829 et
872 3776 950 3830 librie
974 3779 1099 3834 omuibur
1124 3776 1227 3836 allinit:
1257 3796 1286 3836 ιι

63 3888 173 3937 ιιιιοι,
211 3889 245 3925 ne
276 3871 312 3924 ob
344 3876 516 3942 negotiorum
546 3869 748 3944 multitudlnettr
784 3873 992 3942 inscriptionum
1025 3856 1177 3941 volumini,
1213 3875 1285 3947 qnod

66 3969 247 4036 promineret,
267 3965 354 4017 adhuc
373 3979 464 4018 carere
483 3979 622 4037 cogamur.
662 3963 693 4016 In
711 3964 839 4034 Inscript.
859 3963 946 4018 Attio.
966 3965 1048 4019 XIII.
1071 3983 1132 4039 pag.
1144 3970 1208 4032 62„
1228 3972 1286 4042 ipre

63 4055 132 4126 legit
151 4073 205 4108 non
225 4057 382 4111 Tuticani
402 4071 432 4109 ut
453 4055 503 4110 tibi
521 4055 643 4122 videtur,
660 4053 708 4108 ced
722 4057 773 4110 ill
791 4054 922 4110 aucam
943 4060 962 4110 l.
975 4074 998 4112 e.
1017 4058 1067 4111 ET
1085 4060 1228 4126 aucant,
1247 4065 1285 4112 ita

62 4164 94 4201 ut
114 4147 220 4220 Sagarir
248 4147 328 4203 inerit
348 4149 490 4203 Amiantlrl
507 4150 577 4220 Aug.
596 4164 687 4200 ιιιιιιι
705 4163 800 4214 verna,
821 4163 850 4202 et
869 4152 973 4204 Aroarii
994 4156 1148 4223 provinciae
1168 4153 1286 4207 Achaiae

62 4239 227 4312 ricarium)
264 4243 301 4296 At
329 4259 402 4295 recte
431 4256 527 4294 contra
556 4258 618 4295 eum
636 4257 750 4307 censet,
778 4243 927 4295 Antonium
946 4240 1029 4297 luieae
1048 4243 1206 4311 Phllotetti,
1237 4247 1282 4302 Tl.

62 4333 169 4390 Claudii
191 4335 314 4386 Caetarit
335 4339 422 4399 tervi,
449 4338 578 4389 ricarium
596 4335 753 4396 Arcariuttt,
781 4349 811 4388 ut
832 4338 886 4389 iun
912 4339 941 4389 in
960 4335 1048 4411 Epitt.
1070 4338 1163 4412 Epigr.
1181 4337 1286 4406 ditiori,

61 4443 92 4480 et
125 4426 224 4479 malam
258 4430 510 4499 interpretationem
544 4427 623 4480 hulut
659 4428 861 4499 inacrIptiouit,
893 4444 961 4501 quoe
997 4422 1164 4503 scaligerum
1194 4436 1285 4502 torric,

61 4518 235 4592 redargnieti.
729 4528 732 4532 ’

131 4655 150 4711 ⁰)
168 4657 362 4712 lnrcripir'onem,
380 4656 409 4701 tle
427 4670 473 4715 qua
488 4656 607 4714 loquitor,
627 4654 678 4702 eloe
696 4657 720 4702 ln
739 4655 820 4712 Capite
838 4653 868 4700 tle
885 4656 974 4702 aerot'e.
997 4655 1029 4703 ii.
1048 4654 1124 4705 2⁸21.
1214 4696 1217 4700 ,

1404 4752 1520 4884 Ι
