3068 5182
153 291 209 357 556.
577 304 580 308 ’
664 285 862 346 EPISTOLA

152 435 195 475 est
215 414 423 490 properandum.
462 418 617 491 Descriptio
636 416 744 492 quidem
764 423 901 494 operis-et
920 422 1062 474 institutio
1090 416 1172 473 facta
1188 431 1256 472 est:
1288 417 1336 472 aed
1355 436 1392 472 res

152 525 259 564 constet
278 515 393 563 maxims
413 508 645 565 obseruationibus
669 516 800 579 minutis,
829 528 896 584 quae
920 530 975 566 nort
995 512 1082 566 simul
1102 527 1278 566 occurrunt.
1320 512 1393 566 Cese-

151 621 212 657 rum
230 620 285 656 non
304 601 440 656 dimittam
460 621 493 656 ex
512 603 599 658 oeulis
618 618 644 658 et
660 610 752 657 animo
772 623 828 658 rem
848 609 1011 671 institutam,
1028 604 1124 658 donec
1146 604 1188 656 ad
1207 609 1391 658 maturitatem

151 694 270 767 aliquam
297 694 434 774 redegero.
473 696 626 753 Wststenii
655 714 756 750 norum
782 697 985 750 Testamentum
1014 696 1102 751 audio
1131 716 1202 752 esse
1228 697 1392 761 absolutum,

152 802 180 842 et
202 804 280 861 sporo
300 784 328 839 id
350 785 506 861 propediem
534 785 567 840 ad
589 806 631 842 me
652 789 786 861 perlatum
808 795 853 845 iri.
888 790 957 844 Nori
980 788 1054 842 aliud
1078 791 1156 843 nilr'ri
1183 790 1297 858 habeo,
1324 791 1389 863 quod

151 880 212 934 Tua
240 883 348 933 intersit
376 883 454 934 seire.
477 882 478 886 ’
499 881 685 934 Prolusioneut
707 881 800 934 subito
827 886 957 964 scriptam
983 887 1062 952 aequi
1093 882 1229 955 bonique
1258 885 1389 938 consules.

110 968 111 972 ’
150 971 233 1037 Vale,
264 969 347 1026 decus
371 970 525 1042 literarum,
555 989 582 1029 et
605 973 673 1027 mihi
699 972 786 1029 fatere
808 992 899 1049 perge.
939 974 996 1029 Sor.
1021 976 1134 1048 Lipsiae
1164 974 1196 1031 d.
1226 979 1305 1033 xvi.
1325 979 1388 1032 blaii

149 1064 305 1124 MDCCLI.

222 1185 254 1239 P.
276 1186 304 1240 8.
341 1187 419 1240 lianc
445 1184 601 1258 epistolam,
631 1203 713 1259 quum
737 1184 771 1239 ad
795 1201 990 1252 mercatorem,
1017 1201 1176 1261 perquem
1198 1166 1388 1242 'l‘uamaete-

151 1291 259 1352 peram,
286 1281 365 1345 miri,
391 1293 456 1333 ecce
482 1277 529 1331 ills
550 1274 646 1332 eodem
664 1278 709 1333 die
728 1284 784 1334 inm
802 1278 914 1334 abierat.
951 1280 1044 1350 itaque
1064 1278 1131 1333 dum
1155 1280 1246 1334 aliam
1265 1288 1385 1336 occario-

150 1374 290 1424 tremelus
311 1369 459 1425 mittendae
478 1377 647 1442 exspectari,
675 1365 764 1437 ’ἕωλος
789 1369 861 1426 locta
883 1389 933 1426 est.
971 1370 1023 1426 Sed
1042 1372 1146 1427 incidit
1170 1373 1301 1447 aliquid,
1330 1365 1385 1448 pro-

150 1476 213 1535 pter
230 1461 302 1534 quod
320 1479 380 1517 eam
399 1482 447 1537 per
469 1462 592 1537 publicos
617 1482 740 1519 cursores
767 1469 875 1518 mittere
900 1463 1014 1518 decrevi.
1051 1463 1141 1518 'l‘otus
1176 1471 1237 1520 iam
1269 1485 1333 1521 eum
1358 1473 1383 1521 ia

149 1555 251 1610 Tacito
277 1555 435 1629 expoliendo
461 1571 541 1628 atque
565 1556 734 1612 illustrando.
771 1559 875 1612 Paucas
903 1557 1010 1611 notulas
1035 1555 1205 1630 adspergere
1234 1562 1267 1613 in
1295 1565 1382 1614 animo

149 1647 244 1703 habui.
264 1648 332 1731 'Sed
361 1647 425 1702 dum
453 1665 520 1723 opus
547 1663 686 1723 aggressus
714 1667 792 1719 sum,
820 1655 962 1704 materiem
991 1650 1137 1724 largiorem
1168 1650 1271 1705 datam
1302 1659 1383 1728 reperi

148 1756 290 1805 notarum3
308 1747 468 1814 praesertim
489 1759 571 1814 quum
590 1758 732 1816 apparetur
751 1760 807 1796 non
825 1741 989 1813 spernendus
1009 1743 1148 1796 librorum
1167 1745 1256 1822 mibi,
1267 1745 1383 1800 daretur.

148 1837 253 1907 Accepi
274 1837 349 1887 enim
368 1833 492 1887 codicem
512 1835 573 1890 MS.
597 1852 612 1889 s
636 1835 802 1889 bibliotheca
820 1834 1044 1910 Guelferbytana,
1076 1833 1238 1891 editionem
1265 1844 1381 1913 primam

148 1925 302 2000 Spirensis,
332 1941 384 2000 qua
408 1943 488 1980 tremo
513 1932 690 2001 interpretum
715 1926 803 2001 adhuc
828 1945 891 1981 usus
917 1943 974 1996 ert,
1008 1943 1122 1998 eamque
1149 1947 1168 1982 e
1188 1928 1271 1984 bono
1290 1930 1382 1985 codice

149 2019 269 2074 siuctam.
306 2020 467 2093 Comparari
486 2023 570 2073 etiam
588 2020 655 2074 alias
673 2019 815 2092 editiones,
834 2023 966 2074 Venetam
984 2019 1145 2089 Puteolani,
1176 2021 1316 2093 Ileroaidl
1333 2027 1382 2079 llo·

149 2123 277 2178 manem,
305 2116 418 2186 primam
443 2114 579 2166 libenani:
610 2110 680 2166 unde
705 2113 826 2168 intellexi
852 2112 973 2166 nondum
997 2117 1026 2166 in
1050 2117 1116 2167 crisi
1142 2115 1201 2169 bac
1226 2099 1381 2170 adhibitam

149 2222 209 2260 esse
228 2210 327 2260 luctam
345 2205 529 2279 diligentiam:
559 2221 638 2280 saepe
657 2222 706 2279 pro
728 2210 892 2260 coniecturis
917 2210 1048 2280 proponi,
1076 2221 1147 2278 quae
1173 2212 1236 2262 iam
1263 2226 1331 2265 suut
1354 2215 1379 2263 ia

149 2303 269 2370 antiquis
293 2298 385 2365 libris,
416 2304 482 2353 vitia
508 2276 700 2389 tyffipbica
724 2316 782 2381 esse
806 2314 952 2372 propagata
977 2299 1141 2372 permultas
1164 2299 1327 2369 editiones,
1354 2316 1379 2356 et

150 2408 231 2467 super
249 2396 283 2446 iis
302 2395 413 2446 criticae
432 2396 604 2446 coniecturas
623 2389 737 2465 proferri
755 2407 809 2446 cet.
848 2393 942 2464 Itaque
961 2388 990 2445 id
1007 2395 1065 2465 egi,
1092 2405 1123 2445 at
1142 2395 1177 2446 in
1195 2397 1278 2448 notis
1296 2394 1379 2449 birte-

149 2489 220 2539 riam
239 2500 266 2539 et
284 2489 360 2558 quasi
381 2484 564 2559 genealogiam
582 2485 731 2538 lectionum
749 2481 916 2550 iudicarent,
943 2499 971 2538 et
989 2489 1019 2538 lu
1037 2481 1212 2558 praelatione
1230 2485 1378 2542 historiam

148 2577 301 2633 editionum
329 2582 525 2633 accuratiorem
554 2578 673 2631 scribere
700 2575 815 2630 decretl.
853 2577 914 2655 srd„
928 2578 1098 2632 vehementer
1125 2575 1262 2633 desidero
1281 2578 1378 2634 editio-

149 2688 214 2725 nem
238 2672 402 2738 Romanam,
433 2688 502 2744 quae
527 2673 587 2726 Sec.
612 2672 672 2725 XV.
697 2668 813 2744 prodiit,
845 2687 929 2743 quum
952 2669 1016 2724 libri
1043 2673 1149 2747 priores
1176 2687 1226 2726 sex
1253 2672 1376 2727 nondam

149 2779 239 2818 errent
258 2769 381 2836 inuenti.¹
408 2766 475 2818 Eam
493 2779 623 2836 nusquam
642 2768 718 2837 potui
740 2767 866 2836 reperire.
900 2763 1007 2837 Lipsius
1025 2779 1086 2816 eam
1104 2763 1149 2817 bis
1170 2779 1250 2819 terre
1270 2764 1376 2820 landate

149 2854 285 2910 editorum
314 2856 478 2928 reliquorum
506 2873 585 2910 nemo
614 2857 713 2909 vidisse
740 2856 855 2912 ridetur.
892 2856 994 2910 Saltem
1021 2871 1102 2909 nemo
1125 2855 1236 2914 laudat.
1280 2860 1324 2913 Ex
1348 2873 1376 2913 aa

149 2945 257 3001 ridetur
282 2950 385 3000 Veneta
415 2964 440 3003 a.
467 2950 548 3008 1498.
579 2966 627 3023 per
656 2949 749 3002 irene
788 2948 966 3003 Puteolanum
998 2947 1118 3002 fluxisse.
1158 2950 1254 3023 Igitur
1286 2954 1376 3024 magni

149 3036 234 3092 refert
253 3045 339 3105 scire,
357 3039 422 3111 quid
442 3039 488 3093 ilie
506 3040 571 3094 hinc
591 3046 751 3114 sumptorit,
770 3040 834 3112 quid
853 3046 975 3112 mutarit.
1012 3041 1093 3094 venit
1112 3042 1184 3095 mibi
1204 3046 1236 3096 in
1255 3059 1375 3100 mentesa

149 3147 275 3205 sperare,
304 3148 365 3186 eam
389 3131 538 3186 editionem
564 3137 592 3186 ln
621 3138 699 3188 terris
723 3139 835 3201 reetris,
865 3150 933 3207 quae
951 3133 1047 3188 italiae
1067 3149 1129 3188 sunt
1151 3140 1376 3210 propinquiores,

148 3224 264 3280 lorsasse
289 3231 412 3300 reperiri.
451 3229 546 3299 Itaque
564 3227 604 3281 Te
626 3244 708 3301 rogo,
737 3243 768 3282 ut
786 3232 810 3282 si
829 3232 881 3281 ists
898 3227 969 3281 iiber
986 3225 1056 3301 apcd
1074 3242 1121 3281 ros
1140 3232 1264 3301 reperiri
1284 3234 1379 3305 poerit,

149 3324 208 3374 cius
233 3321 302 3374 mihi
327 3324 408 3393 eopia
433 3336 463 3375 ut
490 3319 536 3374 fiat
562 3337 656 3388 cures,
686 3335 713 3375 et
738 3324 863 3393 proximo
889 3335 1009 3374 mercatu
1032 3336 1079 3393 per
1107 3332 1284 3378 mercatores
1310 3324 1376 3377 milti

145 3418 254 3469 mistae.
287 3413 399 3468 lledlblt
426 3429 524 3486 magua
552 3427 616 3467 cum
642 3417 738 3486 gratia.
774 3413 866 3466 Etiam
891 3411 1089 3466 Mediolanensi
1116 3426 1142 3468 a.
1168 3415 1257 3473 1516.
1289 3432 1377 3471 careo.

148 3507 203 3560 Sed
228 3512 354 3580 aequius,
380 3506 452 3580 quod
472 3507 545 3560 illam
563 3524 619 3560 non
637 3504 733 3560 dubito
756 3520 841 3560 totam
861 3502 971 3560 ductam
989 3522 1047 3558 erre
1065 3522 1081 3558 s
1100 3507 1226 3560 Romarm
1246 3507 1376 3563 neredd

148 3617 174 3654 a.
195 3605 274 3657 1515.
293 3599 375 3653 edita.
413 3600 443 3653 Si
461 3618 517 3653 non
537 3603 565 3652 in
586 3615 640 3654 tam
659 3615 803 3672 angustum
822 3614 926 3672 tempus
948 3615 992 3651 me
1013 3596 1139 3653 concludi
1158 3615 1260 3670 passus
1281 3618 1376 3668 essem,

149 3708 307 3766 propterea,
341 3690 413 3765 quod
437 3691 466 3745 ld
485 3709 550 3745 meo
574 3692 708 3761 oonsilio,
737 3691 810 3764 quod
834 3692 868 3742 ab
887 3696 968 3745 initio
989 3706 1062 3758 erat,
1093 3688 1220 3744 sufficere
1239 3709 1376 3766 putarem,

149 3788 276 3838 adiissem
300 3787 360 3839 Em.
380 3787 526 3854 Quirinum
546 3801 592 3856 per
611 3784 720 3851 literas,
751 3799 780 3837 ut
805 3798 928 3857 excerpta
946 3783 1032 3838 Codd.
1049 3784 1255 3838 Vaticanorum
1282 3804 1376 3840 conse·

148 3862 261 3947 spueret,
287 3883 333 3949 qui
359 3893 374 3929 a
394 3878 506 3932 Norisio
530 3883 560 3932 itt
580 3877 698 3950 Epocbls
720 3874 966 3950 Syromtcedooum
989 3873 1142 3949 laudantur.
1185 3878 1273 3932 Nunc
1293 3883 1321 3934 ei
1339 3883 1376 3932 rel

148 3987 257 4044 tempus
276 3988 331 4026 uon
349 3968 466 4025 sufficit:
493 3986 520 4025 et
539 3976 604 4026 tatis
623 3970 729 4025 habebo
748 3989 796 4045 per
815 3970 948 4026 editiones
968 3985 1070 4025 veteres
1087 3983 1115 4023 et
1133 3967 1268 4037 codicem
1287 3969 1377 4029 cudi

149 4079 286 4134 utcunque
305 4064 403 4117 Tacito
422 4063 600 4120 consuluisse.

222 4156 375 4212 Wetstenii
393 4157 600 4210 Testamentum
625 4161 681 4210 ism
705 4155 885 4230 perlustrandi
909 4154 1068 4210 facultatem
1086 4152 1195 4225 ,haime
1226 4160 1329 4212 nescio
1346 4173 1379 4211 an

59 4242 64 4253 '
149 4263 177 4301 et
196 4265 242 4300 vor
261 4249 394 4316 Heluetii,
422 4250 529 4320 quando
548 4251 595 4303 iile
613 4267 663 4303 suo
680 4265 791 4322 sumptu
809 4248 910 4313 edidit,
939 4264 1023 4320 eatpne
1041 4245 1191 4301 decamsa
1211 4266 1380 4306 mercatores

148 4333 256 4393 librarii
274 4340 348 4393 nulla
367 4343 490 4416 exempla
510 4348 538 4396 in
558 4344 677 4397 tabernis
696 4341 805 4396 habent.
837 4343 902 4424 Vidi
921 4346 950 4396 ita
968 4341 1190 4415 Prolegomeuis,
1210 4361 1284 4415 quae
1304 4342 1379 4397 valde

147 4449 254 4496 mutata
272 4450 300 4488 et
319 4448 396 4487 aucta
415 4452 494 4503 eunt,
512 4437 605 4490 multis
624 4436 713 4489 verbis
732 4441 850 4501 narrari,
875 4452 942 4508 quae
962 4439 991 4489 iu
1009 4435 1131 4489 Helvetia
1150 4437 1181 4487 ln
1202 4441 1264 4490 eius
1284 4451 1378 4491 ausu

148 4544 209 4580 acta
235 4541 312 4581 sunt:
344 4531 401 4581 eiua
427 4535 592 4584 narrationis
618 4533 730 4584 initium
755 4530 848 4582 a'l'uo
872 4533 984 4583 nominc
1003 4526 1075 4581 fieri:
1105 4527 1200 4580 totam
1220 4546 1283 4584 este
1302 4531 1380 4584 rebe·

149 4625 269 4675 mentius
297 4625 438 4693 scriptam.
482 4623 611 4678 Ceterum
636 4640 745 4692 vereor,
777 4638 807 4676 ut
834 4621 923 4676 bouus
949 4626 990 4676 tir
1013 4638 1047 4676 ea
1072 4617 1121 4674 illo
1148 4636 1238 4692 opere
1260 4624 1382 4681 malton
