3066 5182
1315 306 1353 370 ii

127 453 261 512 smenon
284 452 333 498 siis
353 451 490 509 preiszione
514 451 552 498 dei
573 450 659 498 Gudio.
705 450 725 496 i:
748 452 811 498 neiis
833 449 896 497 diss.
916 451 947 496 n.
966 449 997 496 eis
1019 448 1101 511 Aquas
1122 449 1188 498 uiuet.
1207 466 1231 500 n.
1252 448 1310 501 209.
1329 453 1354 499 io

128 541 330 588 numerarent
350 554 395 587 eon
414 540 524 598 maggior
542 551 667 585 reomense
687 540 707 583 si
726 540 823 598 spiegn:
854 540 987 600 Ligarius,
1007 541 1049 598 qui
1065 540 1173 598 aliquam
1199 553 1233 583 ea
1259 546 1354 584 antees-

127 629 243 675 &unas
255 625 371 687 j‘artasss
391 626 504 684 uiderat,
524 640 579 670 sam
599 640 647 671 nan
668 632 829 686 assequutus,
848 627 947 672 silentio
960 626 1112 684 praeteriit;
1136 625 1194 681 sed,
1215 633 1240 671 nt
1252 623 1308 685 suit
1322 628 1354 673 n·-

127 723 264 761 sensnum
284 716 400 770 simius,'
414 712 479 758 tane
500 728 534 758 ex
552 714 631 772 eapite
652 713 762 776 effinxit,
788 720 815 757 ut
831 714 941 758 vicissim
961 726 1059 756 erucem
1080 712 1184 757 eruditis
1199 713 1307 776 figeret,
1332 720 1356 762 st

128 804 198 847 seito
215 804 292 848 simet
310 803 424 847 literaria
442 814 537 845 areana
559 814 586 845 se
608 800 751 844 destitutum
773 800 940 846 ostenderet..
956 831 985 845 ..
1005 799 1054 844 Sed
1074 813 1120 859 qua
1136 800 1254 857 pluribus
1275 801 1355 843 mani·

128 891 220 934 mentis
242 892 360 934 insistere
382 894 499 942 conatur,
531 900 559 931 eo
579 889 662 947 magis
676 884 798 945 fraudem
818 894 842 931 et
863 888 1022 944 sparietatem
1038 884 1168 946 patefacit.
1218 883 1274 931 Cosi
1297 900 1355 943 pure

129 977 163 1022 ds
183 974 233 1022 cst.
255 976 361 1021 Traian.
382 977 410 1020 C.
431 975 455 1020 8.
481 977 592 1031 pariundo
616 976 677 1021 della
703 977 826 1020 iscrizione
855 975 996 1020 Gruteriana
1021 988 1045 1030 p.
1072 971 1117 1029 ⁶0,
1145 973 1168 1019 6.
1192 976 1256 1028 dice,
1282 988 1356 1033 quam

128 1066 208 1109 nimis
220 1061 317 1123 faciti,
336 1070 360 1107 et
379 1064 489 1122 simplici
506 1064 590 1107 anima
609 1065 648 1107 oir
665 1076 771 1123 magnus
790 1061 905 1116 admisit,
931 1063 972 1106 rui
991 1062 1135 1119 inexpertae
1152 1068 1224 1106 erant
1239 1061 1354 1121 Ligarii,

129 1166 148 1196 a
168 1165 215 1211 pso
231 1153 363 1205 emanarit,
380 1151 555 1210 praestigiae,
575 1164 620 1195 nas
638 1156 721 1208 aperte
738 1148 899 1193 reiieiendam
915 1156 1046 1207 putamus,
1066 1155 1115 1193 tum
1127 1149 1185 1208 quia
1197 1148 1304 1193 Traiani
1323 1149 1354 1194 n'-

128 1239 226 1283 bertum
240 1241 276 1283 Μ.
291 1240 385 1294 Ulpium
399 1239 552 1282 Polemonem
565 1237 697 1282 rorandum
705 1238 798 1294 primis
813 1236 906 1280 duobus
920 1237 1061 1281 nominibus
1076 1249 1092 1280 a
1101 1242 1208 1293 patrono
1218 1238 1355 1295 assumptis

129 1339 216 1380 nemo,
235 1327 288 1371 nisi
306 1325 399 1370 bardus
415 1326 472 1379 iiis,
492 1326 611 1385 ignorare
621 1327 760 1382 potuisset,
789 1327 858 1368 utin
872 1325 949 1368 aliam
966 1323 1098 1367 Fabiorum
1116 1330 1215 1383 gentem
1232 1321 1355 1383 inferret,·

128 1415 185 1471 ipse
197 1414 263 1457 enim
276 1427 384 1472 magnus
397 1413 548 1457 somniorum
560 1413 682 1456 consertor
702 1412 835 1471 Ligarius,
856 1412 898 1471 qui
911 1411 1020 1470 uigilans
1038 1424 1127 1470 quaque
1143 1426 1241 1469 semper
1257 1413 1354 1457 samnia

129 1502 269 1545 crevisset.
306 1500 326 1543 E
344 1501 383 1555 pin
401 1504 463 1544 sotto
485 1500 630 1558 ruffionnndo
649 1500 684 1544 de'
702 1499 781 1544 Cesti:
801 1495 921 1560 Conflatas
935 1500 1015 1558 igitar
1031 1513 1047 1541 a
1061 1499 1165 1559 Ligario
1181 1506 1232 1544 tam
1245 1500 1307 1543 istas
1322 1499 1353 1544 ab

128 1586 193 1632 Ateio
210 1588 292 1641 sisae,
324 1601 395 1646 qaam
415 1585 488 1631 bases
508 1587 586 1641 aiios,
614 1600 674 1646 quas
694 1584 863 1645 Hieronymus
884 1583 1045 1630 Mercurialis
1065 1601 1098 1629 ex
1116 1586 1199 1631 eodem
1215 1586 1352 1644 produxit,

130 1675 305 1732 mansurpieor
317 1673 428 1733 quidem,
447 1673 493 1717 sed
504 1675 639 1717 sollennem
653 1671 759 1718 bominis
773 1675 934 1730 imposturam
945 1675 1008 1721 satis
1014 1672 1125 1734 firmiter
1139 1675 1221 1719 animo
1230 1675 1350 1739 concipio.

129 1762 151 1806 t
169 1775 213 1806 eon
231 1763 254 1805 ts
274 1768 349 1806 stesso
367 1763 463 1820 energia
483 1761 533 1806 dice
554 1774 611 1816 pure
633 1761 669 1806 nel
691 1756 749 1819 Gap.
771 1759 812 1804 VI,
831 1760 912 1804 Inscr.
930 1758 1031 1804 domest.
1040 1773 1049 1804 .·
1068 1760 1190 1821 Quantum
1209 1767 1290 1804 autem
1309 1759 1352 1806 Li·

129 1850 204 1910 gorio
224 1847 372 1893 audendum
392 1849 439 1903 sit,
455 1848 571 1906 pluribus
591 1847 702 1903 ostendi,
727 1850 763 1893 ne'
781 1848 859 1906 luoghi
878 1849 901 1891 di
919 1861 990 1902 soprs
1008 1849 1036 1891 du
1056 1861 1093 1893 me
1116 1849 1194 1904 citati3
1218 1854 1242 1891 et
1260 1849 1287 1891 in
1307 1845 1353 1892 bae

129 1934 215 1980 eodem
240 1936 391 1992 imposturas
413 1948 504 1995 genere
532 1936 583 1980 tria
604 1936 749 1993 persimiiia
770 1932 877 1994 fraudis
904 1936 1018 1992 exempta
1046 1932 1153 1979 bantinis
1181 1936 1300 1989 inscitia,
1329 1939 1354 1979 ss

129 2018 231 2082 anfi-itis
242 2021 348 2083 conficta
360 2019 438 2080 refert
449 2019 522 2067 Uarii.
536 2021 654 2067 Norisius
666 2021 712 2080 Ep.
727 2019 799 2066 Cons.‘
809 2037 838 2080 p.
853 2018 894 2067 55.
911 2021 998 2081 quibus
1015 2026 1039 2065 et
1055 2029 1167 2080 quartum
1184 2021 1254 2066 addit
1267 2037 1294 2079 p.
1309 2019 1352 2068 89.

198 2109 267 2153 Delio
288 2114 364 2153 stesso
382 2110 517 2168 iingusggio
537 2111 557 2153 si
575 2122 642 2156 servs
663 2111 699 2154 ne'
721 2111 798 2168 inogbi
814 2111 851 2153 dui
873 2108 992 2153 Fubbretti
1008 2110 1072 2152 eitsti
1087 2111 1104 2153 ii
1121 2114 1253 2153 mentovuio
1271 2111 1353 2154 datiis-

129 2196 192 2240 simo
209 2195 345 2240 cardinale.
381 2198 426 2240 nw
444 2210 504 2241 unna
526 2193 585 2241 8³6.
620 2195 652 2241 Ae
669 2202 759 2241 norunt
776 2196 869 2240 eruditi
884 2195 1015 2255 Ligarium
1035 2195 1120 2239 Latini
1138 2196 1261 2240 sermonis
1280 2197 1355 2256 igna-

129 2296 203 2338 nm,
233 2284 269 2327 eti
286 2282 396 2327 eiusdem
419 2284 531 2342 aequalis
551 2282 608 2328 Ant.
635 2282 791 2343 Augustinus
816 2285 843 2327 in
862 2285 955 2342 Diuiog.
982 2288 1103 2337 testatur,
1130 2283 1354 2328 laboriosissimam

128 2368 460 2430 quidem,sedp1erumque
474 2367 598 2429 saliaeem
615 2370 766 2428 Scriptorem
775 2368 870 2430 fuisse.
907 2371 984 2415 Esii'
1003 2385 1064 2415 unna
1087 2367 1143 2416 90⁰.
1179 2369 1234 2417 Nan
1251 2384 1355 2428 possam

129 2455 179 2501 bae
201 2458 332 2502 “sasione
352 2459 462 2502 amittere
483 2459 609 2518 insignem
629 2457 728 2518 Ligarii
746 2460 962 2517 imposturam...
998 2456 1031 2502 Et
1052 2459 1163 2518 insignis
1187 2457 1286 2518 Ligarii
1308 2459 1354 2502 ins·

124 2551 261 2601 pasturae,
280 2545 322 2589 eui
328 2541 462 2603 familiare
469 2542 526 2603 suit
541 2558 589 2590 nan
602 2545 698 2604 quidem
704 2544 781 2608 fletae
797 2546 971 2604 inscriptiones
983 2547 1145 2601 concinnare,
1165 2545 1229 2605 quad
1238 2545 1355 2590 Latinam

128 2633 245 2692 linguam
262 2632 407 2692 ignorabat,
428 2631 473 2679 seui
489 2647 502 2676 e
517 2631 601 2676 Fastis
620 2633 719 2676 nomina
734 2630 865 2677 &meritum
880 2634 1038 2686 exscribere,
1058 2647 1134 2693 eaque
1150 2634 1250 2677 vetustis
1263 2632 1355 2678 inseri-

123 2719 253 2777 ptionibas
276 2734 407 2777 apponere.
454 2720 490 2764 ilo
512 2721 593 2764 voinio
615 2721 779 2765 distesnmente
803 2721 907 2765 riferii-vi
930 2722 1005 2778 questi
1027 2723 1104 2776 possi,
1134 2719 1221 2765 benrbi
1242 2735 1271 2764 nn
1293 2734 1353 2776 poco

128 2807 258 2865 isngbeiti,
288 2805 372 2864 pei-ehi
393 2808 499 2866 veggiete
523 2821 593 2863 sapen
617 2809 678 2866 quoii
697 2809 847 2864 insuperabili
874 2810 1050 2852 testimonianze
1075 2809 1096 2851 is
1120 2809 1167 2852 min
1188 2809 1353 2863 propositione

126 2893 166 2937 sis
183 2894 285 2938 soniste.
321 2895 369 2940 Per
386 2895 449 2938 uitro
466 2896 483 2939 ii
499 2896 601 2953 giadizio
619 2897 655 2941 dei
674 2896 744 2939 Csrd.
791 2895 862 2939 Naris
880 2896 975 2939 intorno
993 2909 1007 2938 u
1027 2895 1140 2953 Ligario,
1160 2892 1210 2940 oieb
1228 2897 1287 2940 cb'ei
1306 2909 1353 2941 noa

127 2993 282 3036 eonponesse
302 2982 325 3024 di
346 2982 463 3036 pinnula
485 2983 620 3037 iscrizioni,
647 2997 685 3027 mu
705 2984 728 3027 vi
745 2996 875 3038 epponesse
894 2983 1021 3027 sotiantoi
1045 2982 1176 3037 consaluti,
1203 2984 1263 3039 dopo
1279 2985 1353 3027 motta

127 3079 210 3112 esame
226 3068 285 3111 inito
302 3068 363 3119 (istie¹
385 3068 505 3113 iscrizioni
526 3069 555 3114 ds
572 3070 604 3115 ini
624 3071 730 3125 nitente,
750 3072 774 3115 to
792 3076 860 3115 troia
880 3071 1014 3114 verissima.
1051 3071 1114 3114 Sana
1133 3083 1185 3115 esse
1206 3084 1249 3126 per
1272 3071 1294 3113 to
1313 3066 1353 3124 pii

126 3168 159 3199 ιι
183 3158 297 3210 eentone3
328 3140 375 3198 nan
396 3169 438 3201 eru
458 3157 505 3215 egli
528 3170 612 3213 eupsee
633 3159 783 3203 i’inventsrie
804 3160 826 3203 di
848 3169 943 3214 nuor03
971 3170 1009 3202 ms
1028 3159 1143 3213 prendens
1164 3159 1193 3200 du
1213 3171 1258 3201 unu
1277 3158 1353 3227 entiae

126 3241 255 3285 iscrizioni
275 3253 321 3284 nas
338 3255 408 3298 ease,
432 3243 461 3286 ds
482 3245 520 3289 un’
534 3245 594 3289 eitra
614 3246 653 3289 an'
675 3247 750 3300 sinn,
775 3247 896 3290 insentsvu
913 3246 936 3289 in
957 3246 1056 3299 unione,
1085 3246 1205 3290 investivi
1224 3245 1240 3288 ii
1261 3246 1351 3304 luogo,

126 3342 141 3373 e
159 3324 210 3371 cosi
228 3340 338 3373 erescere
358 3329 435 3374 isuoi
454 3331 533 3376 Tomi.
569 3331 680 3387 Esempio
699 3347 728 3378 ne
749 3335 785 3378 sis
805 3335 883 3392 quella
900 3334 923 3376 di
943 3333 1048 3386 Pesura,
1068 3333 1110 3376 ebs
1128 3329 1269 3391 m’ingsnnb.
1305 3333 1352 3376 Ab·

126 3414 207 3458 bisina
232 3428 279 3459 aas
301 3428 356 3460 vere
376 3417 501 3463 iscrizione
525 3419 549 3463 in
569 3432 615 3463 nne
636 3419 691 3465 base
715 3422 736 3463 di
758 3425 835 3464 statua
855 3426 923 3476 ports
944 3420 980 3463 dsl
1002 3420 1110 3478 Cottegio
1133 3420 1168 3464 de’
1189 3420 1260 3463 Fabri
1281 3434 1294 3464 ι
1315 3420 1350 3466 Μ.

126 3499 203 3546 Nesia
215 3500 299 3547 Giasio
313 3502 380 3549 nain
396 3506 476 3549 carnie
492 3507 591 3550 inituris
604 3508 745 3551 suasissente
760 3509 784 3550 in
798 3504 909 3561 Bantia,
929 3522 941 3551 e
958 3511 1071 3562 stampati
1085 3507 1113 3549 du
1131 3520 1168 3550 me
1183 3522 1207 3551 n.
1227 3506 1350 3553 xxxix.

124 3588 179 3633 cte
195 3588 219 3632 is
236 3588 354 3648 Ligario?
382 3592 417 3636 Du
439 3607 483 3637 uns
503 3594 628 3638 iscrizione
649 3608 717 3639 suern
733 3595 819 3649 prende
842 3595 863 3636 ts
884 3593 965 3637 dedica
985 3608 998 3636 s
1019 3593 1092 3638 Giove
1115 3592 1204 3636 Ottiino
1225 3594 1350 3638 iilsssimo.

125 3674 196 3719 natta
212 3683 293 3721 nostes
310 3678 327 3722 ii
348 3692 416 3723 nome
438 3680 460 3723 ii
481 3680 516 3724 Μ.
539 3679 627 3735 Nerio,
657 3681 680 3724 si
702 3682 769 3737 quuie
791 3681 904 3740 eggiagne
926 3681 948 3724 di
967 3694 1009 3724 suo
1027 3694 1057 3725 un
1075 3681 1177 3723 secondo
1197 3694 1308 3737 eogname
1329 3680 1352 3725 di

126 3758 274 3809 Ver-issima.
310 3765 346 3809 Da
357 3767 416 3811 ulae
434 3767 554 3812 iscrizioni
572 3770 659 3824 prende
675 3768 698 3811 iu
712 3768 847 3812 Preietturu
866 3769 902 3811 de'
919 3766 1006 3820 Fabri,
1026 3768 1042 3810 il
1060 3767 1189 3810 Patronsto
1208 3768 1243 3811 de·
1261 3767 1352 3826 Collegi

125 3850 163 3894 δι’
182 3848 306 3911 Centonsrj
325 3866 337 3896 e
358 3853 516 3909 Denda-osori,
535 3870 547 3900 e
565 3856 628 3913 gliei'
646 3855 778 3909 uppiccien,
798 3869 811 3899 e
827 3851 876 3897 cosi
894 3868 949 3898 cres
966 3867 1011 3898 anu
1031 3854 1156 3898 iscrizions
1175 3854 1216 3898 she
1234 3869 1248 3898 n
1261 3854 1352 3899 Pessro

124 3936 175 3980 usi
193 3951 237 3980 non
255 3939 295 3992 iu,
315 3952 328 3982 e
346 3940 387 3984 ebe
406 3954 448 3986 ors
466 3942 489 3986 di
507 3956 583 3986 nuovo
601 3941 897 3996 solennemente'ripndio.

196 4023 236 4066 Μι
247 4027 427 4085 attengbiumoei
445 4042 502 4084 pure
520 4030 542 4073 si
562 4028 600 4085 piis
619 4031 741 4074 moderato
759 4030 898 4073 sentimenta
913 4030 935 4073 di
952 4031 1003 4073 tutti
1022 4031 1045 4073 in
1063 4030 1185 4085 proposito
1204 4030 1226 4073 di
1244 4030 1351 4089 Ligario,

125 4116 179 4164 eine
196 4133 209 4162 ι
224 4116 356 4177 quetis-ael
373 4116 499 4161 Maratori.
535 4114 663 4170 Attamen,
683 4117 727 4160 dic'
745 4117 804 4174 egii,
825 4130 888 4175 erga
908 4116 1039 4175 Ligarium
1057 4118 1093 4160 ita
1111 4118 1259 4175 compositus
1281 4132 1350 4173 sum,
1427 4104 1431 4111 ⁵

124 4211 152 4250 nt
166 4210 322 4250 monumenta
336 4218 370 4247 ex
382 4216 410 4247 eo
422 4202 529 4247 delibata
540 4201 683 4247 damnanda
700 4215 747 4246 nan
763 4217 877 4246 censeam
893 4216 921 4246 ea
932 4209 1025 4246 tantum
1037 4204 1120 4257 titula,
1140 4203 1204 4263 qaod
1214 4205 1353 4265 Ligariana

123 4295 178 4338 sint
194 4294 220 4348 (ii
241 4294 283 4338 ebs
305 4306 347 4347 pei·
370 4292 432 4335 binio
456 4292 494 4348 qni
515 4292 539 4335 di
560 4291 683 4349 passaggio
707 4292 777 4335 niuno
798 4290 828 4333 ha
847 4291 893 4334 mei
913 4296 1020 4345 preteso,
1042 4305 1054 4335 e
1075 4291 1174 4336 sorebbe
1196 4293 1254 4337 bene
1271 4298 1352 4337 sirano

123 4381 167 4426 eise
193 4395 222 4424 un
246 4394 331 4433 nomo,
360 4380 401 4423 che
422 4383 505 4433 cento,
537 4393 549 4423 e
570 4376 608 4433 pii
630 4379 731 4432 sotumi,
759 4392 826 4422 eosne
844 4379 865 4421 si
883 4374 895 4420 i
912 4379 990 4431 detto,
1018 4375 1118 4433 compito
1137 4380 1158 4422 di
1179 4377 1308 4434 Antichitb,
1327 4381 1352 4423 lo

122 4467 278 4512 ssesseisita
297 4467 318 4510 di
338 4468 388 4509 sote
404 4479 459 4509 cose
476 4465 549 4519 false,
579 4479 648 4509 senza
669 4465 778 4508 inseritii
800 4466 821 4508 le
842 4478 911 4519 vere,
938 4465 973 4508 ch’
991 4478 1061 4508 erano
1083 4479 1096 4508 n
1114 4466 1165 4508 tutti
1187 4472 1256 4519 note,
1276 4481 1288 4511 o
1310 4466 1352 4510 che

122 4553 246 4599 ssrsbbon
264 4555 320 4597 inite
341 4555 386 4596 sile
406 4554 466 4597 ultre
490 4558 601 4608 coparin;
626 4553 647 4596 le
670 4553 731 4608 quali
750 4565 804 4595 cose
826 4565 880 4595 vere
902 4565 1003 4595 saratino
1021 4553 1072 4595 anai
1091 4557 1150 4595 sinte
1168 4554 1239 4596 moite
1264 4567 1277 4596 e
1299 4567 1352 4608 pre·

122 4641 297 4700 giansiisn'me,
317 4655 330 4684 e
347 4641 376 4684 dn
396 4644 494 4696 paterne
513 4640 563 4684 iure
585 4640 655 4696 queii’
672 4652 715 4683 uso
725 4671 733 4693 ‚
753 4639 794 4682 che
813 4639 836 4682 Ιο
856 4639 996 4694 Spunheinio
1011 4636 1110 4694 moiiib)
1128 4638 1173 4683 sed
1189 4645 1240 4682 tum
1257 4641 1350 4690 salum,
