3066 5182
587 349 852 419 EPIGRAPHICA
869 358 921 418 tv.
1313 362 1365 424 tit

151 508 200 550 sets
220 493 447 549 subscribentium
467 510 580 547 nurnero
598 510 644 547 sne
662 491 761 546 bebere
779 491 873 547 nollet.
912 491 954 546 lll.
973 491 1100 545 bitureso
1118 507 1133 544 e
1152 491 1317 551 Wsstensee
1337 497 1367 546 in

152 601 275 642 sermone
303 586 430 640 lumiliesi
462 591 669 640 inritamentum
700 600 776 638 suum
812 585 1068 639 benevolentissime
1105 582 1139 636 sd
1174 598 1217 638 sne
1236 590 1365 638 missum

151 697 235 753 quum
266 679 409 750 legendum
435 678 543 745 desem,
577 678 682 731 nulium
706 676 832 750 precibus
853 681 920 731 meis
941 676 1031 730 iocum
1054 678 1207 748 relinquens
1229 681 1286 749 ipse
1307 681 1366 730 sine

152 788 246 838 more,
275 787 304 824 ut
328 785 367 823 est
384 771 525 824 litersrnsn
543 775 708 843 optimorum
734 787 789 822 nou
808 764 891 822 modo
908 773 1123 834 amentissimus,
1154 767 1202 822 sed
1220 784 1247 821 et
1266 767 1366 822 cellen·

153 869 289 930 tissimus,
316 864 388 917 hunc
412 863 517 916 Msiieii
539 862 639 915 librum
655 861 845 934 bibliothecae
867 865 969 914 cirinen
994 861 1200 927 Turicensiom,
1227 865 1271 913 cui
1292 874 1367 914 rents

151 973 215 1011 cum
238 955 316 1008 leude
339 971 460 1027 prseest,
496 971 541 1008 me
559 941 714 1028 competere
731 959 819 1007 iussit.
856 948 1031 1008 Clesissimns
1050 971 1154 1024 quoque
1174 950 1244 1025 epod
1267 955 1369 1024 Aspen·

152 1064 304 1105 torstenses
331 1046 485 1113 Professor,
504 1049 544 1100 io.
563 1051 634 1102 nen.
654 1045 860 1120 Schoepiiinns,
878 1062 894 1098 s
911 1062 955 1098 me
972 1064 1021 1118 pes
1034 1045 1124 1099 iiterss
1138 1049 1258 1101 monitus
1277 1043 1368 1097 dendo
1456 1040 1458 1045 ’

153 1146 266 1196 nomine
285 1156 334 1192 suo
353 1140 558 1213 preeclosissimi
576 1144 665 1212 operis
684 1142 832 1193 editionem
851 1155 880 1191 se
904 1154 1091 1211 promoturum
1111 1141 1260 1209 rescripsit.
1306 1137 1369 1190 Duo

154 1251 220 1305 erpo
249 1248 343 1286 soreos
366 1236 482 1284 venetos
509 1235 660 1304 Augustino
677 1232 837 1284 Curettonio
855 1233 976 1283 Veronae
996 1229 1063 1282 solui
1082 1231 1185 1282 cureirit
1202 1229 1368 1283 Pestelusius

155 1338 265 1388 nostes,
284 1322 399 1375 alterum
416 1322 682 1387 dirueret-sirenue
699 1321 866 1395 Schoepllini
886 1327 1008 1378 nomine.
1045 1326 1099 1391 Qui
1118 1321 1280 1394 reliquarum
1306 1320 1370 1374 ilel-

155 1421 244 1470 uetise
260 1419 401 1471 cisitstum
420 1408 596 1468 bibliothecis
614 1415 730 1487 publicis
754 1412 884 1488 preelecti
904 1429 983 1480 sunt,
1000 1396 1149 1467 Meiieilno
1167 1431 1212 1466 ees
1227 1430 1307 1487 opere
1326 1430 1370 1467 or·

157 1513 217 1562 nori
236 1505 316 1573 velie,
347 1505 473 1580 despero:
504 1510 542 1559 its
560 1507 653 1561 literae
667 1513 835 1572 amicornm,
860 1523 927 1578 quos
944 1510 975 1559 in
992 1505 1061 1559 locis
1078 1511 1138 1559 istis
1154 1505 1254 1571 heheu,
1277 1505 1371 1560 silent.

158 1602 201 1655 De
220 1598 394 1652 bibliothecis
413 1603 442 1652 in
458 1599 579 1653 Helvetia
599 1605 709 1673 privetis
728 1598 824 1671 ecquid
843 1594 968 1672 speremi
986 1600 1054 1667 Quis
1071 1596 1259 1670 comparebit?
1295 1596 1372 1668 ,Vel

158 1692 225 1744 duo
244 1692 292 1744 uel
306 1708 409 1744 tremo.
442 1690 533 1762 Turpe
550 1700 578 1743 et
595 1693 833 1746 miserabile....
859 1688 1001 1745 Geudeent
1018 1688 1190 1743 steonibus
1205 1695 1261 1743 suis
1279 1692 1371 1744 coim-

157 1782 336 1858 ptionelibus.
367 1781 489 1837 vSordent
509 1783 632 1857 plurimis
653 1782 724 1857 epod
740 1801 789 1837 nos
806 1783 899 1837 literse
912 1798 1023 1847 omnes,
1043 1800 1098 1834 non
1118 1783 1289 1836 humaniores
1312 1797 1371 1835 ten·

152 1893 234 1942 tum,
266 1880 329 1948 quie
347 1875 436 1928 nullst
456 1873 617 1945 didicerunt.
654 1876 683 1930 st
706 1881 848 1946 quisunt,
876 1879 923 1946 qui
942 1873 1044 1947 oppido
1065 1879 1143 1947 psuei
1162 1890 1239 1939 sunt,
1269 1878 1317 1945 qui
1333 1874 1372 1926 les

159 1967 242 2019 helles
261 1965 373 2034 lettres,
417 1969 612 2040 inscriptiones
640 1973 763 2041 antiques
790 1984 842 2023 eet.
869 1983 974 2034 ament,
1022 1983 1067 2021 ees
1087 1965 1205 2021 intentur
1222 1963 1298 2032 εἶδος
1315 1968 1373 2046 μὲν

161 2057 290 2137 ἀρίστας
296 2102 305 2128 ,
324 2072 352 2112 st
367 2056 529 2124 ‹iraelltouc
546 2077 605 2114 esse
623 2077 707 2133 usqne
726 2062 877 2114 eismitsnt.

239 2148 389 2209 Ttlrttots‘v
407 2150 631 2205 Bouhieristm
649 2153 769 2206 nondum
789 2153 877 2219 elusi,
908 2156 994 2206 esuis
1013 2151 1126 2224 elugebo
1144 2167 1280 2222 unquam,
1308 2149 1373 2204 illuc

162 2238 315 2316 proiectum
329 2242 398 2294 uude
409 2251 515 2314 negant
532 2244 622 2296 redire
640 2263 803 2316 peremptam.
830 2248 949 2318 Accepta
966 2260 1055 2298 tsrnen
1073 2244 1121 2298 obs
1135 2259 1161 2297 te
1177 2242 1291 2317 epistole
1305 2247 1374 2296 mini

164 2350 225 2388 eum
235 2335 356 2402 rediisse,
362 2353 423 2387 eum
430 2335 498 2388 mihi
508 2340 634 2389 revisisse
641 2335 838 2409 quodammodo
845 2342 997 2390 esistimtre
1008 2326 1241 2429 cfflmeumque
1253 2339 1292 2390 its
1302 2351 1376 2389 mee·

164 2442 263 2494 sorem,
275 2423 634 2498 qoemnnllo'consoltbilem
646 2426 1089 2500 modoputsbem,ipsemihileto.
1112 2432 1202 2499 Quum
1217 2431 1288 2481 enim
1303 2426 1379 2480 illum

163 2518 1380 2594 ennoshabentensLXiiiii.smisissem,MAFFEIIiemisuoreetpetrocinioutiincipio,

168 2609 280 2662 totidem
299 2626 382 2664 sonos
401 2616 474 2676 usti,
502 2629 530 2666 ut
552 2612 666 2672 scrihts;
698 2611 724 2666 itl
740 2611 812 2685 quod
830 2629 872 2666 me
888 2612 1122 2667 vehementissime
1140 2626 1245 2680 moret,
1274 2627 1305 2666 nt
1326 2626 1377 2685 pro

166 2702 224 2756 Tus
245 2703 430 2757 incolumitate
448 2703 524 2758 DEO
541 2705 576 2759 Ο.
600 2707 640 2759 Μ.
662 2705 773 2779 supplex
791 2721 852 2757 rote
872 2703 981 2758 iscium.

242 2794 372 2867 (helique
388 2796 467 2849 huius
486 2796 616 2870 epistolae
636 2814 712 2871 pagg.
732 2801 776 2857 56.
797 2795 884 2850 forme
908 2813 1002 2869 queste
1021 2801 1135 2849 minutis
1156 2797 1242 2850 literis
1261 2800 1380 2869 scripte,

166 2885 271 2958 publici
286 2891 353 2941 iuris
370 2884 459 2943 iecere
481 2906 535 2942 non
549 2876 633 2962 lpueot
652 2909 737 2963 neque
758 2895 830 2943 enisu
847 2888 875 2942 id
890 2896 1031 2964 potiuntur
1047 2887 1224 2963 redemptoris
1240 2892 1382 2957 sitiones.)

608 3095 944 3109 W

742 3314 793 3370 tv.

488 3432 712 3489 Petillnstri
743 3443 780 3488 et
806 3432 1064 3489 eruditissime

324 3552 649 3618 GAsPsiti
690 3548 1257 3618 HAGENBVCHW

686 3678 718 3737 S.
759 3682 792 3739 Ρ.
831 3682 868 3740 D.

553 3806 709 3852 screto
743 3808 985 3855 nsrrntvs.

694 3942 855 3958 Q

243 4029 446 4087 Grandemente
465 4030 588 4087 desidero
606 4033 634 4087 di
654 4050 756 4109 stipere,
778 4055 805 4090 se
817 4038 871 4092 VS.
891 4025 1077 4093 illustrissime
1093 4035 1173 4092 ebbin
1190 4041 1246 4092 mel
1267 4040 1388 4090 riceruts

169 4123 198 4177 is
220 4129 290 4189 mis,
308 4126 358 4178 che
374 4130 401 4177 io
419 4125 444 4177 le
460 4129 551 4178 scrissi
573 4132 601 4178 in
617 4131 733 4200 risposts
749 4127 817 4182 delle
833 4132 1011 4202 gentilissime
1030 4149 1045 4184 e
1063 4132 1216 4193 dottissimt
1239 4145 1303 4195 tus,
1322 4147 1337 4183 e
1357 4133 1386 4183 ln

169 4220 402 4287 ringrtsiomento
430 4216 474 4270 del
498 4222 620 4293 prezioso
649 4220 721 4274 dono
747 4220 791 4275 del
815 4240 863 4276 suo
887 4204 937 4276 hely
958 4223 1038 4276 libro.
1076 4225 1113 4276 Le
1135 4221 1221 4296 spedil
1242 4224 1388 4296 pes‘tests

170 4323 270 4374 meno,
299 4307 345 4361 nel
362 4308 426 4380 quel
443 4310 526 4362 modo
547 4327 640 4384 spesso
661 4312 686 4365 le
703 4313 799 4367 lettere
818 4320 841 4368 sl
861 4314 991 4388 perdono.
1039 4317 1136 4369 Fsccio
1156 4325 1238 4388 prove
1261 4314 1329 4368 delle
1347 4311 1388 4367 le·

170 4397 246 4452 deiri
271 4386 340 4452 delle
359 4416 437 4472 poste
459 4417 512 4454 con
534 4406 626 4475 spedir
645 4394 745 4475 ‘queste
766 4404 964 4482 direttstnente.
1001 4408 1044 4462 llo
1067 4422 1161 4479 reputo
1180 4406 1251 4459 delio
1271 4421 1389 4479 stempo-

172 4506 250 4556 tore,
268 4491 312 4544 eb'
325 4491 376 4544 elis
392 4491 426 4544 hs
440 4491 568 4547 mendeto
588 4509 628 4548 tre
649 4498 771 4550 necebini
792 4516 841 4571 per
857 4515 898 4551 tre
915 4502 990 4553 nomi
1014 4497 1041 4552 di
1055 4502 1182 4552 ossocisti
1203 4495 1249 4550 sil·
1267 4499 1391 4552 editione

174 4582 217 4635 dei
238 4587 295 4636 mio
310 4584 417 4637 Museo.
452 4583 512 4637 tilis
531 4591 623 4659 seppie
645 4591 718 4661 perd,
736 4590 780 4643 ch’
794 4595 822 4643 io
840 4608 895 4644 non
916 4592 1006 4664 voglio
1025 4606 1168 4665 computet
1184 4588 1221 4643 lei
1239 4587 1280 4643 les
1293 4591 1391 4660 questi,

174 4675 274 4749 peschi
287 4690 306 4727 e
319 4674 355 4729 lei
370 4675 475 4748 roplio,
496 4677 549 4731 che
569 4679 590 4731 ii
606 4677 678 4734 libro
697 4686 738 4740 sis
760 4697 915 4756 presentato
937 4687 968 4736 in
986 4681 1068 4743 dono.
1103 4683 1257 4737 Tesminsts
1280 4681 1346 4745 perh
1365 4679 1393 4733 is
1447 4664 1452 4672 ’
