3066 5182
289 327 323 384 C.
344 327 423 384 vnt.
463 326 652 383 Nummum
672 324 794 385 RATIO
814 325 922 382 APVD
941 323 1145 382 ROMANOS.
1277 329 1332 386 1177

182 461 265 516 2729.
289 457 360 522 Duo
386 458 576 532 praenomina
603 455 750 513 intes-dnm
772 474 847 511 unus
870 455 1003 531 idemque
1031 454 1165 531 gerebat;
1205 474 1242 511 ex
1274 473 1332 532 qno

109 551 306 624 posteriormn
329 561 493 625 temporum
520 569 602 605 more
632 552 766 624 ignorato
794 566 913 604 errores
936 548 1083 603 interdum
1109 546 1223 605 suborti
1246 559 1331 616 sunt,
1423 573 1424 576 ¹

109 643 148 696 ita
169 653 200 698 ut
220 661 358 699 saxorum
378 645 553 716 interpretes
573 641 609 698 dc
629 640 742 697 duolms
760 639 927 696 bominibus
948 642 1126 716 cogitarent,
1147 639 1198 698 ubi
1216 641 1252 699 de
1272 656 1331 698 uuo

109 733 259 791 dumtaxat
282 754 378 792 serum
398 745 484 791 esset.
525 735 586 790 cte.
609 735 716 791 Marini
735 737 803 787 Atti
822 743 848 791 1.
869 752 899 807 p.
921 737 1006 793 2581

182 846 218 901 L.
245 845 421 903 POMPEIO
450 844 620 902 volusco
646 845 680 901 C.
708 843 913 901 ARRVNTIO
942 844 1140 901 CATELLIO
1166 844 1329 903 CELERE.

109 941 178 994 item
202 958 232 1013 p.
256 942 321 998 35'1.
344 942 409 998 677.
431 943 494 1001 735.
541 938 600 994 Iste
617 956 689 1023 μοι
715 956 752 994 cx
775 934 981 1012 adoptionibus
1000 939 1124 993 maxime
1146 938 1261 996 videtur
1280 957 1332 995 ex·

109 1031 273 1105 plicandus.
612 1058 643 1135 ·
1253 1036 1257 1053 ¹

183 1186 267 1241 2750.
294 1176 431 1238 Veterem
455 1179 535 1237 illam
563 1185 592 1237 ει
617 1183 807 1256 pervagatam
831 1175 866 1235 de
891 1176 1065 1236 seminarum
1091 1178 1331 1252 praenominibus

110 1275 326 1348 quaestionem,
359 1273 406 1328 vel
431 1292 448 1328 a
470 1272 636 1329 Forcellino
655 1291 684 1328 v.
704 1274 875 1326 Praenomen
894 1275 925 1328 in
943 1271 1146 1346 compendium
1164 1271 1330 1340 redactam,

113 1367 162 1422 bic
182 1384 344 1442 recoquere
367 1384 426 1422 non
445 1376 541 1423 vacat.
578 1365 721 1421 Nostrum
744 1367 842 1439 potius
868 1376 913 1421 est
938 1367 1040 1421 critice
1064 1365 1244 1439 perlustrare
1269 1367 1332 1420 sin-

110 1459 177 1533 gula
203 1459 251 1514 illa
271 1479 287 1514 a
306 1477 413 1534 magno
431 1457 583 1534 scaligero
602 1459 633 1514 in
650 1459 712 1511 lad.
731 1460 811 1512 Graec.
825 1462 871 1517 19.
906 1458 996 1524 elata,
1025 1468 1058 1512 ut
1076 1457 1145 1533 qnid
1164 1457 1231 1515 inde
1249 1458 1332 1514 0018..

110 1550 236 1624 geudum
256 1553 311 1617 sit,
331 1554 436 1627 cuique
456 1561 581 1607 constet.
622 1550 817 1606 Adiunximus
835 1550 892 1606 alia
911 1568 1025 1626 quoque
1044 1549 1255 1606 Muratoriana.
1319 1581 1321 1585 ·

183 1663 220 1717 Α.
242 1661 389 1736 (Avus)
410 1662 496 1719 Grut.
520 1670 590 1727 811,
612 1667 639 1717 7.
688 1662 725 1716 A.
744 1662 864 1714 Aemilia
885 1662 916 1717 in
937 1661 1033 1737 lapide
1055 1661 1244 1736 Hispaniensi
1268 1662 1331 1717 exi·

91 1773 197 1829 ·guam
218 1774 288 1810 sanc
308 1753 394 1811 fidem
412 1765 552 1810 meretur.
576 1759 647 1822 855,
669 1762 732 1812 st:

183 1866 221 1920 A.
248 1865 394 1921 lefflA.
423 1863 480 1921 Sed
500 1865 574 1939 lapis
598 1866 660 1938 ipse
683 1863 790 1920 habere
809 1863 917 1921 dicitur
935 1863 1121 1922 AVRELIA.
1142 1868 1212 1932 950,
1232 1869 1261 1924 9.
1291 1865 1328 1921 Α.

109 1957 244 2013 FINIAE
267 1958 445 2033 iungendum
465 1969 509 2013 est
528 1957 699 2013 AFINIAE.
729 1957 791 2013 cn.
811 1957 889 2013 Mur.
910 1960 981 2025 670,
1003 1960 1030 2016 lt.
1053 1962 1140 2025 1292,
1161 1967 1188 2019 8.

183 2050 218 2105 Β.
255 2053 287 2105 B.
316 2053 492 2105 Valentinae.
519 2058 591 2118 888,
619 2055 645 2107 7.
673 2049 750 2126 quod
775 2049 821 2105 sel
840 2068 877 2106 ex
896 2068 998 2107 errore
1017 2052 1114 2127 aliquo
1134 2061 1249 2119 natum,
1285 2051 1332 2106 vel

110 2143 257 2219 significat
281 2145 383 2198 Vivam
1288 2130 1291 2141 '

183 2236 245 2291 ΑΡ.
270 2235 427 2310 (ΑΡΡῙΑ)
449 2235 547 2310 prodit
567 2250 603 2291 ex
621 2254 678 2290 una
692 2237 871 2292 Ariminensi
884 2233 1025 2303 Garuifii‚
1047 2237 1192 2293 notissimi
1208 2235 1329 2303 falsarii,

109 2328 219 2384 Murat.
242 2328 328 2394 1682,
350 2336 377 2386 1.
416 2330 599 2403 Agnoscitur
617 2339 714 2385 tamen
732 2348 749 2384 s
768 2328 938 2403 Caunegiet.
958 2331 1041 2381 Nom.
1060 2329 1124 2382 Ret.
1143 2349 1173 2404 p.
1194 2333 1221 2387 9.

184 2421 217 2478 C.
258 2418 391 2495 (cnm)
417 2427 486 2486 525,
515 2427 560 2477 11.
601 2421 631 2474 C.
651 2423 802 2484 Sammz'ae,
822 2418 873 2475 sed
895 2424 964 2484 521,
994 2422 1042 2484 9.,
1065 2416 1116 2475 ubi
1134 2418 1210 2476 idem
1229 2420 1329 2477 titulus

109 2513 213 2579 datur,
240 2512 322 2569 deest
342 2531 538 2586 praenomen,
568 2523 647 2568 utet
667 2511 743 2586 apud
763 2511 988 2567 Gcassernmin
1012 2510 1270 2569 Nemausensibus.
1297 2544 1328 2556 ·-

108 2609 179 2673 416,
201 2612 228 2660 2.
268 2608 298 2660 C.
318 2607 453 2658 Consise'ae
471 2606 620 2660 Ariadnes.
645 2605 697 2662 sed
716 2604 793 2679 apud
811 2601 961 2659 Mnffeium
979 2606 1054 2657 Mne.
1074 2606 1141 2659 Ver.
1162 2609 1230 2672 166,
1250 2611 1278 2664 5.
1300 2609 1331 2662 in

109 2698 167 2753 alio
182 2698 353 2773 simpliciter
371 2708 415 2753 est
435 2698 599 2750 Consisidiae
617 2698 775 2759 Ariadneee
794 2697 933 2773 quocirca
953 2695 986 2752 C.
1009 2699 1038 2752 in
1058 2697 1143 2753 titulo
1163 2698 1248 2754 Grut.
1264 2701 1332 2754 iun-

109 2790 235 2864 gendum
264 2790 379 2846 videtur
406 2808 473 2845 cnm
500 2787 742 2865 praecedentibus
772 2789 809 2847 Τ.
837 2788 870 2844 F.
895 2798 1062 2842 testamento
1086 2807 1111 2845 s.
1137 2793 1246 2844 tinctum
1260 2791 1332 2865 fieri

108 2889 231 2937 curavit.
261 2909 291 2925 -
321 2887 444 2952 152,1.
485 2881 518 2938 ἶ).
538 2884 672 2937 Planetae
689 2881 896 2956 Hispaniensis
927 2892 972 2937 εει
990 2883 1103 2956 spuria.
1144 2912 1175 2925 -
1215 2888 1279 2951 559,
1300 2893 1329 2946 8.

109 2973 144 3029 ἶ).
165 2973 311 3050 significat
331 2977 487 3030 centuriae.
512 3006 542 3017 -
563 2979 634 3043 677,
656 2982 701 3032 12.
731 2972 764 3028 9.
784 2974 906 3029 Clodiae.
934 2972 1014 3030 Hace
1032 2974 1150 3031 tandem
1169 2974 1331 3034 indubitata

109 3067 243 3133 videtur,
277 3085 365 3144 quum
387 3067 515 3124 Smetius
541 3065 691 3138 αὐτόπτης
714 3065 913 3141 perhibentur.
938 3097 968 3108 -
1000 3069 1068 3134 mo,
1089 3067 1117 3123 lt.
1149 3069 1267 3126 mutilus
1287 3081 1333 3127 est

108 3159 183 3233 lapis
209 3160 390 3215 Veronensis
418 3159 580 3233 Saraynae.
613 3190 644 3201 -
681 3164 750 3224 759,
771 3164 799 3218 lt.
848 3158 881 3214 C.
909 3158 1048 3215 ATILIA
1072 3161 1170 3234 potius
1195 3173 1240 3218 est
1264 3162 1333 3219 CA·

109 3252 238 3319 TILIA;
259 3263 411 3326 praeterea
430 3262 508 3307 totus
527 3252 602 3326 lapis
622 3261 775 3325 suspectus
795 3260 839 3306 est
857 3250 976 3307 Maffcio
997 3253 1034 3308 A.
1055 3250 1089 3308 C.
1108 3252 1145 3308 L.
1165 3273 1195 3328 p.
1217 3260 1281 3313 205.
1299 3271 1329 3298 '-

109 3350 180 3410 799.
201 3349 229 3403 ls-
268 3344 302 3400 C.
316 3344 478 3400 Lnn'rm.
500 3355 544 3400 est
564 3343 736 3400 clauum.
756 3361 785 3398 u.
800 3341 930 3398 Fabrett.
945 3344 1090 3397 Emendat.
1105 3347 1186 3432 G'rm.
1198 3365 1228 3420 p,
1243 3347 1280 3404 V,
1294 3378 1333 3391 -

109 3445 180 3505 872,
201 3442 229 3495 9.
251 3437 408 3513 eademque
428 3437 552 3510 repetita
571 3440 640 3503 976,
662 3442 689 3495 7.
731 3435 761 3488 C.
780 3437 879 3486 Fulvia
898 3436 1032 3504 Quintia,-
1051 3437 1118 3492 huic
1132 3437 1247 3513 quidem
1260 3441 1334 3495 nihil

109 3547 258 3605 apponere
279 3547 363 3606 queo.
387 3558 417 3570 -
440 3533 511 3596 922,
540 3534 586 3585 17.
627 3526 660 3582 C.
688 3524 871 3582 SENTIAE.
893 3525 1046 3582 MILIAN.
1075 3531 1133 3585 viri
1160 3547 1333 3587 mouumen-

108 3634 171 3679 tum
185 3633 239 3689 est,
260 3622 371 3677 scilicet
391 3620 423 3677 C.
440 3602 570 3679 SENTI.
591 3618 807 3676 AEMILIAM.
835 3619 971 3674 Hsonnu.
996 3650 1025 3662 -
1047 3625 1116 3687 975,
1138 3630 1165 3679 1,
1205 3624 1236 3676 c,
1255 3625 1332 3674 Fan.

109 3722 173 3767 niae
193 3717 222 3768 C.
242 3716 274 3769 L.
294 3734 309 3770 e
329 3713 527 3778 Scurdeonio‚
547 3715 631 3768 cuius
650 3715 756 3787 exigua
775 3723 819 3768 est
843 3714 1014 3767 auctoritas.
1054 3714 1123 3765 Cata
1147 3712 1333 3772 scribebatur

109 3810 196 3863 etiam
215 3808 251 3862 K.
267 3826 295 3862 v.
318 3826 344 3862 e.
365 3807 400 3861 de
419 3808 455 3859 K.
480 3808 600 3859 Artoria
613 3811 676 3871 523,
698 3813 724 3861 2.
740 3807 790 3861 vix
805 3806 862 3860 erit
876 3801 1076 3860 dubitandum.
1096 3793 1225 3863 ”Contra
1243 3808 1280 3883 21
1301 3810 1332 3864 in

108 3905 179 3968 995,
204 3909 231 3961 8.
265 3911 310 3956 εει
341 3900 526 3954 notissimum
559 3895 629 3953 illud
654 3896 687 3953 Ο.
714 3898 750 3954 L.
778 3899 862 3951 Caice
887 3897 998 3951 liberta.
1025 3898 1060 3953 K.
1088 3899 1119 3954 in
1144 3897 1346 3975 Semigraecov

109 3993 158 4047 illo
176 3996 246 4059 671,
275 3997 319 4052 11.
342 3990 496 4066 legendum
520 3988 574 4048 καὶ
593 3991 753 4062 maiilunae
777 3989 880 4067 γονεῖς.
909 3989 1045 4046 Hscsns.
1066 3993 1106 4046 ita
1127 3991 1164 4047 Κ.
1185 3992 1333 4068 significat

107 4086 170 4142 καί.
192 4087 262 4152 684,
284 4093 311 4145 5.
340 4085 402 4140 Cir.
424 4084 548 4159 deinque
567 4081 645 4139 Mur.
667 4091 755 4149 1128,
777 4085 804 4141 d.

183 4177 244 4233 CN.
266 4177 410 4252 (CNEA)
430 4181 502 4244 974,
525 4182 551 4234 5.
580 4175 642 4231 CN.
664 4178 792 4228 Cocceiae
813 4176 892 4228 Irene
908 4194 1032 4249 prorsus
1053 4174 1171 4233 dubium
1191 4178 1224 4234 tit
1242 4180 1331 4237 colla-

107 4273 146 4326 tis
165 4275 236 4336 978,
264 4278 291 4326 2.
313 4281 341 4325 et
362 4274 431 4336 726,
453 4279 480 4330 8.
529 4268 638 4325 Contra
660 4275 728 4335 785,
756 4271 783 4326 6.
833 4270 893 4321 CN·
918 4269 1050 4321 Liburnia
1070 4271 1206 4342 Epictetie
1229 4271 1332 4345 Smetii

108 4366 212 4419 nititur
231 4362 304 4429 lide;
326 4381 420 4439 neque
439 4361 598 4419 reiicienda
618 4361 754 4417 GNAEA
775 4364 845 4427 274,
867 4367 893 4415 2.

183 4457 220 4511 D.
249 4455 438 4530 (DECIMA)
460 4459 530 4520 7521,
553 4463 596 4512 1ο.
612 4472 648 4509 ex
661 4457 732 4510 satis
746 4453 870 4509 ridiculo
883 4471 1002 4521 errore,
1023 4472 1112 4530 quum
1127 4459 1166 4512 sit
1187 4457 1241 4513 Die
1252 4490 1283 4501 -
1299 4490 1328 4502 -

108 4548 248 4604 blembas.
288 4548 368 4603 ldem
387 4548 493 4603 accidit
515 4545 665 4622 Scaligero
684 4550 754 4611 916,
778 4555 821 4606 17.

183 4642 208 4697 Τ
229 4643 378 4697 inversum
404 4641 446 4695 L:
470 4648 539 4707 150,
561 4646 587 4697 7.
609 4639 678 4715 quid
698 4639 754 4698 sibi
774 4638 859 4719 velit,
880 4636 1038 4694 obscurum
1055 4651 1109 4696 est.

1064 4882 1077 4915 Ι
