3066 5182
151 309 206 373 596
559 308 592 364 C.
606 296 649 364 V.
687 305 761 365 RES
788 306 951 366 secuta.

152 447 274 491 occasione
293 446 368 502 aliqua
385 434 492 500 irrepta,
521 445 580 488 adiri
599 447 712 499 iusserat,
738 446 802 488 nutui
820 459 864 489 suo
881 445 948 490 facile
968 452 1075 500 parentes
1093 452 1130 491 cst
1146 453 1273 504 expertus;
1303 448 1366 492 illico

152 517 224 575 igitur
243 520 336 558 creatur
353 514 483 557 Turranius
501 514 693 568 Pater-patratus
711 514 755 558 Po.
775 514 914 567 Laurentis,
943 515 1068 573 foedusque
1087 518 1183 574 unoquo
1201 519 1249 571 ritu
1268 515 1368 561 feliciter

152 599 204 628 cum
222 585 267 628 Po.
287 583 392 626 Rotuauo
409 583 539 626 ieriuntlum
557 583 662 637 suscipit.
700 583 724 626 ld
748 596 804 627 uero
822 598 864 627 cus·
881 584 942 627 inter
960 585 1056 627 totalis
1073 587 1110 628 sel
1128 588 1204 642 magis
1224 587 1296 629 etiam
1313 587 1367 629 ridi-

152 654 220 707 cula,
239 653 274 697 vel
293 653 423 696 crudeliora
441 652 589 708 tristimnque
607 666 620 693 a
637 652 701 694 iatuo
720 656 816 704 tyranno
835 657 980 708 perpetrata,
1005 654 1098 697 silentio
1122 655 1255 709 presserint
1271 656 1365 708 Seneca,

152 723 263 776 Tacitus,
292 722 429 774 Suetonius,
457 720 502 763 Dio
527 721 622 763 Cassius
646 721 684 764 riu
709 722 794 763 inuium
817 722 922 778 cuiquam
945 721 1068 765 videbitur.
1105 723 1223 766 Hactenus
1241 723 1312 781 igitur
1329 737 1365 766 res

152 792 215 835 salva
233 796 284 845 est;
303 791 342 833 sed
361 787 493 833 difficiliora
508 795 598 832 restant
615 789 643 831 ab
662 789 708 833 illis
724 788 798 832 Peter
813 814 844 823 -
862 803 916 832 cum
932 789 975 834 Po.
990 789 1097 834 Ronsuno
1113 792 1218 834 seiuncta
1233 791 1365 836 Sacrorum

151 859 332 916 Principiorum
356 882 388 892 -
411 872 472 917 quae
494 857 560 913 apud
579 856 713 901 Laurentes
734 859 854 902 coluntur.
892 859 939 902 lam
961 864 1012 902 autc
1033 860 1109 902 onmia
1128 861 1295 905 enucleandum
1312 860 1362 912 erit,

153 934 265 986 quaenam
282 928 381 971 masinae
399 940 465 970 saera
484 928 543 969 culta
560 927 647 970 tuerint
663 927 722 981 apud
741 927 879 971 Laurentes.
927 927 998 971 Venit
1020 928 1120 982 primum
1144 929 1167 972 ia
1185 933 1290 972 meatem
1306 920 1362 971 Ves-

151 998 217 1042 ronis
235 998 300 1040 locus
318 995 347 1039 de
360 994 393 1039 tte
409 995 508 1039 llustt'eu
521 992 544 1039 2.
567 992 589 1039 l.
609 994 667 1038 Suis
682 995 808 1048 (Aeneae),
834 1009 863 1038 uc
878 1009 1008 1053 porcorum
1026 998 1099 1039 etium
1113 1010 1178 1040 nune
1197 999 1305 1056 vestigia
1322 1012 1361 1055 ep·

147 1071 238 1124 parcnt
255 1063 353 1109 Lauinii
357 1077 369 1118 ;
397 1063 461 1121 quod
480 1069 503 1107 et
538 1063 543 1073 '
569 1065 655 1107 uiuere
674 1077 757 1107 eorum
783 1062 876 1107 udencu
896 1067 1034 1107 etiamnunc
1053 1067 1077 1109 in
1094 1065 1193 1121 publico
1210 1066 1308 1121 positu,
1341 1071 1362 1109 et

150 1147 239 1191 corpus
265 1135 353 1179 matris
377 1132 407 1174 nb
430 1075 610 1185 emenus,
642 1132 705 1191 quod
731 1133 756 1175 ιἰι
780 1135 881 1175 salsura
902 1130 997 1190 suerit.
1031 1132 1221 1178 denrunstratur.
1257 1137 1360 1179 Attamen

150 1203 194 1247 ieta
212 1216 336 1258 porcorum
354 1203 477 1245 simulacra
495 1215 561 1245 sacra
578 1201 690 1255 principia
706 1203 750 1245 Po.
771 1202 867 1244 llomnni
887 1203 1012 1258 Quiritium
1030 1202 1176 1259 nominisque
1191 1203 1268 1246 Latini
1284 1204 1359 1247 vocat

149 1273 267 1328 potuisse,
287 1284 403 1327 nunquam
421 1270 526 1326 equidem
543 1271 667 1313 concedam
684 1271 719 1314 vel
738 1271 886 1324 cupidissimo
905 1272 1032 1314 bestiarum
1050 1272 1273 1328 mythologie-aram,
1296 1285 1318 1315 ν.
1337 1286 1356 1315 c.

149 1341 209 1385 teari
233 1340 380 1397 primigenii,
411 1340 474 1382 canis
504 1339 570 1381 salvii
600 1343 774 1396 ceterarumque
807 1340 900 1382 cultori.
946 1341 990 1382 Sed
1021 1341 1081 1382 idem
1109 1342 1188 1382 Varro
1219 1341 1246 1383 acl
1277 1340 1357 1395 proba·

150 1410 235 1456 biliosa
252 1422 294 1452 uos
312 1408 404 1452 deducit
420 1406 450 1449 ele
465 1406 493 1450 L.
510 1406 539 1450 1,.
557 1407 597 1451 lib.
614 1404 637 1451 1.
657 1421 679 1462 p.
695 1405 734 1452 lss.
755 1408 797 1451 Ed.
818 1409 910 1463 llipont.
939 1406 1075 1464 Oppidum,
1103 1407 1167 1467 qnod
1178 1411 1287 1465 primum
1304 1423 1357 1454 eon·

149 1478 227 1523 ditum
248 1479 273 1522 in
298 1475 368 1520 Latio
391 1476 477 1531 stirpis
501 1473 623 1519 Romanae
646 1474 789 1520 Lacinium:
818 1490 875 1519 nura
896 1476 930 1519 ibi
952 1476 997 1520 Dii
1014 1482 1116 1533 penutce
1139 1479 1228 1521 nostri.
1263 1477 1298 1521 lle
1322 1479 1357 1522 bis

150 1549 215 1592 locus
233 1552 270 1590 est
287 1546 424 1601 praecipuus
442 1546 500 1599 apud
517 1545 654 1596 Dionysium
672 1546 829 1589 llulicarnass.
850 1544 880 1599 1,
903 1543 960 1598 tt„
989 1557 1016 1589 es
1035 1546 1101 1588 cuius
1117 1546 1195 1589 scrisis
1213 1547 1357 1602 potissimum

149 1615 299 1674 sequentibus
323 1613 457 1671 colligitur,
488 1627 556 1670 quam
573 1627 670 1657 arcanae
689 1615 774 1658 fuerint
792 1613 913 1658 Penatium
930 1614 1076 1658 Larinatium
1094 1628 1114 1658 s.
1132 1615 1217 1670 Populi
1235 1615 1356 1661 Laurentis

150 1685 320 1731 caerimoniae:
357 1679 512 1752 σχήματος
528 1676 558 1733 δὲ
573 1673 626 1731 καὶ
639 1680 744 1753 μορρῑ
748 1699 762 1739 ς
780 1675 879 1733 αὐτῶν
897 1675 963 1751 πέρι
980 1677 1103 1754 'lictatur
1117 1679 1174 1753 μὲν
1193 1682 1210 1734 o
1227 1697 1357 1754 aeyyptu-

153 1745 225 1823 φεὺς
243 1739 296 1804 ὧδε
315 1747 528 1823 ἀποφαίνεται·
555 1748 685 1825 κηρύκια
703 1770 722 1805 o
744 1750 813 1827 ἠρᾶ
830 1747 882 1807 καὶ
896 1751 1015 1824 χαλκᾶ,
1036 1747 1089 1806 καὶ
1108 1749 1244 1827 κέραμον
1263 1753 1357 1828 Τρωὶ·-

178 1819 184 1837 “
224 1819 323 1889 εἷναν,
344 1822 383 1879 τὰ
399 1823 430 1879 ἐν
445 1822 506 1886 τοῖς
522 1820 641 1886 ἀδύτοις
659 1822 720 1887 τοῖς
738 1823 769 1880 ἐν
786 1811 935 1893 Λαοιιϊνῖιρ
954 1822 1075 1900 κείμενα
1092 1823 1173 1900 ἱερά·
1202 1826 1357 1885 πυθέσθαι

148 1840 290 1958 ὕδατὸς
307 1899 404 1952 ταῦτα
422 1894 507 1973 παρὰ
530 1901 588 1954 τῶν
607 1895 783 1974 ἐπιχωρίων·
804 1894 860 1972 ἐγὼ
877 1898 907 1954 δὲ
918 1893 985 1973 ιὅσα
1001 1899 1058 1973 μὲν
1078 1894 1192 1954 &naum
1211 1900 1247 1955 ot
1259 1897 1357 1976 θέαις,

152 1962 218 2026 οὔτε
240 1965 325 2045 παρὰ
344 1972 404 2026 τῶν
423 1971 561 2045 ὁρώντων
579 1967 714 2037 ἀκούειν,
733 1968 793 2027 οὐδ’
812 1971 851 2027 δν
866 1967 1040 2047 ἐπιγράφειν
1059 1970 1164 2043 οἴομαι
1179 1966 1238 2028 δεῖν
1255 1992 1284 2029 κ.
1297 1974 1356 2031 αλ.

151 2047 258 2093 Obscura
274 2050 385 2106 quaedam
402 2050 500 2109 vestigia
518 2050 665 2105 opinionum,
686 2064 743 2106 qnae
762 2052 789 2108 de
807 2050 870 2095 bisce
886 2048 1013 2094 Penatibus
1025 2049 1124 2105 publicis
1136 2051 1179 2095 Po.
1194 2051 1292 2097 Romani
1305 2067 1356 2098 sen·

150 2118 224 2162 serint
239 2119 339 2175 antiqui,
364 2119 450 2173 passim
467 2124 587 2163 remanent
604 2104 633 2162 r:
646 2132 666 2162 c.
687 2119 710 2163 in
733 2120 790 2163 Maii
808 2119 946 2176 interprett.
968 2116 1071 2178 Virgilii
1088 2117 1122 2162 ud
1137 2118 1197 2163 Aen.
1212 2118 1236 2164 2.
1256 2134 1280 2165 v.
1300 2120 1356 2167 111.

149 2200 173 2243 p.
189 2183 240 2242 tt,
259 2188 319 2242 apud
336 2189 442 2233 Serrium
460 2187 493 2232 ud
508 2186 568 2232 Aen.
587 2187 615 2241 i,
636 2184 693 2233 378.
714 2184 737 2241 2,
753 2185 793 2234 9⁶.
813 2193 837 2233 et
855 2184 922 2240 325„
942 2187 1071 2232 Araobinm
1088 2187 1116 2230 L.
1131 2185 1154 2242 3,
1174 2184 1227 2242 tu,
1250 2190 1290 2234 nbi
1306 2192 1355 2236 ride

153 2271 212 2315 quae
242 2257 359 2316 congessit
386 2256 498 2312 patruelis
527 2256 572 2300 snei
603 2257 718 2301 sollertia.
762 2256 849 2302 Nostro
880 2257 972 2313 quidem
1001 2257 1053 2301 usui
1082 2257 1104 2299 id
1133 2257 1233 2302 masinae
1256 2260 1355 2313 contest,

151 2328 212 2384 quod
231 2340 259 2369 eu
277 2328 381 2370 Varrone
401 2327 540 2382 desumpsit,
566 2323 694 2370 Penatium
717 2339 760 2369 nec
782 2339 924 2379 numerum,
951 2337 996 2368 nec
1015 2325 1114 2369 nomine
1133 2326 1211 2370 seiri:
1238 2341 1294 2372 eeee
1310 2342 1357 2373 ees·

149 2407 246 2447 marre,
277 2401 301 2438 et
319 2396 417 2439 totidem
427 2392 540 2454 seramus
557 2394 694 2438 nominibus
714 2395 821 2454 ignotis:
846 2393 890 2439 sed
907 2406 948 2437 eos
966 2395 1056 2438 saunari
1072 2393 1135 2438 loeis
1152 2395 1312 2442 consiliarios
1329 2411 1357 2454 ee

146 2464 274 2519 principes
294 2465 444 2507 existimari.
491 2463 542 2509 Nec
565 2459 708 2520 defuerunt,
737 2463 828 2522 inquit,
855 2463 903 2522 qui.
916 2461 1053 2506 scriberent
1072 2462 1164 2516 Iouem,
1191 2462 1309 2509 Iunonem
1328 2479 1356 2509 ue

150 2528 301 2585 Mineruam,
323 2531 389 2576 Deos
401 2539 503 2591 penutee
522 2534 659 2585 exsistere,
686 2532 740 2575 eine
758 2532 843 2591 quibus
863 2532 956 2595 risere,
980 2544 1009 2573 ue
1027 2544 1113 2588 supere
1130 2545 1293 2589 nequeqnsue,
1315 2533 1358 2579 sed

150 2602 192 2658 qui
205 2602 304 2657 penitus
321 2614 367 2644 rsoe
384 2607 474 2660 regunt
489 2603 600 2655 rutione,
625 2601 706 2644 eules-e
727 2613 756 2642 uc
775 2601 874 2657 spirutu.
911 2601 974 2656 Quae
992 2601 1030 2657 qui
1049 2600 1192 2652 consideret,
1219 2602 1289 2647 tacite
1307 2617 1357 2647 eant

150 2670 174 2712 in
195 2670 331 2713 seutentiam
352 2671 471 2723 deveniat,
501 2671 600 2714 Penates
617 2670 670 2712 illos
687 2668 792 2724 publicos
810 2670 853 2714 Po.
873 2669 969 2712 Rotnani
988 2683 1057 2726 quum
1074 2670 1169 2724 proprio
1187 2672 1281 2716 nornine
1300 2661 1356 2717 nun·

151 2726 249 2792 inpare,
276 2737 340 2781 Patri
363 2739 500 2792 praesertim
521 2743 611 2792 patrato
638 2737 746 2782 Laurenti
773 2739 890 2796 eidemque
912 2737 1025 2796 magistro
1048 2751 1182 2791 sacrorum,
1211 2740 1296 2797 quibus
1313 2741 1355 2796 ipsi

150 2812 298 2864 colebantur,
327 2813 386 2855 baud
404 2813 499 2864 liceret,
528 2805 644 2871 designari
662 2814 764 2867 potuisse
782 2813 963 2871 Principiornm
981 2798 1112 2875 (ἀρχῶν,
1138 2829 1183 2858 non
1210 2803 1356 2879 ἀρχείων)

151 2880 263 2924 uocabulo
281 2881 337 2923 setis
355 2882 470 2935 apposito,
490 2882 602 2937 siquidem
620 2895 648 2924 es
666 2882 769 2926 doctrina
787 2883 816 2926 ab
833 2882 936 2927 Aruobio
954 2879 1021 2924 nobis
1040 2886 1138 2935 servale,
1157 2883 1257 2927 Penates
1275 2898 1357 2928 reuera

151 2953 204 2992 sunt
218 2949 344 3005 principie
361 2962 454 3001 rernm,
485 2949 533 2993 sire
552 2950 662 2993 uniuersi.
697 2950 774 2995 Erunt
797 2956 888 3005 lamen,
913 2953 951 3008 qui
970 2948 992 2992 iu
1012 2949 1053 2992 bac
1070 2950 1163 2994 minime
1180 2954 1357 3010 adquiescentes

151 3017 221 3060 aliam
255 3022 366 3072 quaerant
399 3018 565 3072 simpliciorem
596 3019 823 3073 interpretationem,
859 3034 927 3077 quam
958 3022 1068 3076 suggeret
1098 3020 1207 3064 Valerius
1240 3022 1357 3066 Maximus

150 3084 203 3128 Lib.
225 3085 252 3139 1,
274 3082 302 3138 1,
323 3084 348 3130 ll.
359 3081 434 3142 suctu
448 3087 566 3130 sacratione
581 3086 689 3141 (Lauinii)
708 3089 790 3142 urbis,
810 3103 822 3132 e
840 3103 887 3148 qne
902 3087 1040 3146 primordie
1060 3087 1146 3131 ciritae
1163 3096 1249 3134 nostra
1267 3091 1357 3143 traxit,

151 3168 195 3212 qua
212 3167 240 3199 es
257 3155 347 3200 ratione
355 3154 483 3210 principia
494 3156 622 3210 primordia
639 3163 705 3200 eraut
722 3172 767 3202 noa
780 3163 826 3201 tam
844 3159 953 3209 uniuersi,
972 3152 1026 3205 τοῦ
1034 3169 1155 3216 παντως,
1167 3173 1235 3215 quam
1250 3159 1298 3203 Po.
1312 3159 1358 3217 tto·

149 3223 210 3267 mani
224 3224 347 3281 Quiritium
366 3222 515 3281 Notninisque
530 3225 614 3269 Latini.
645 3226 702 3270 illibi
722 3232 841 3284 utrasuque
859 3228 1007 3282 proposuisse
1024 3227 1135 3274 sufficiet:
1156 3229 1196 3274 sed
1209 3231 1255 3272 alia
1274 3241 1358 3272 rursus

149 3291 269 3336 suboritur
287 3292 424 3352 ambiguitas
458 3299 535 3338 utrum
546 3295 652 3338 videlicet
662 3296 802 3354 iungendum
819 3296 858 3350 sit,
877 3309 1007 3346 sacrorum
1023 3298 1153 3353 (adieetiue)
1164 3298 1357 3354 Principiam,

150 3358 208 3412 τῶν
225 3359 312 3429 ἱερῶν
329 3359 446 3431 ἀρχῶν,
470 3377 500 3407 au
524 3362 657 3407 Sucrorum
679 3364 847 3408 substantivum
872 3366 916 3418 sit,
947 3379 960 3407 a
986 3380 1030 3423 quo
1056 3368 1153 3422 pendeat
1174 3367 1361 3425 principiorum

151 3451 250 3495 nomem
270 3438 359 3484 Graece
377 3439 464 3482 tuem
491 3429 550 3497 τῶν
582 3430 751 3503 ἱεροποιϊών
777 3429 837 3482 τῶν
864 3426 984 3503 ἀρχῶν,
1012 3425 1078 3501 siros
1108 3433 1167 3487 τών
1197 3427 1358 3505 γενεθλίων

148 3504 302 3559 θεῶνται)
322 3500 418 3576 δήιιιιυ
439 3505 499 3558 τῶν
513 3499 683 3575 Ῥωμαίων,
703 3515 727 3553 ut
744 3510 793 3554 tere
811 3509 880 3554 habat
902 3510 987 3554 Straba
1010 3511 1037 3554 L.
1058 3509 1086 3564 5,
1107 3508 1136 3564 3,
1156 3509 1180 3557 5.
1210 3513 1237 3555 cte
1259 3510 1357 3554 Lettino

148 3584 278 3642 vittataque
296 3565 366 3629 verbis
383 3584 484 3628 tacteus:
514 3569 619 3644 ἔνδοξα
639 3570 669 3631 δὲ
688 3568 737 3630 διδ
756 3571 810 3644 τὴν
825 3570 943 3629 uastos
967 3572 1083 3649 γέγονεν
1104 3572 1281 3645 ἐπιδημίαν,
1306 3571 1359 3629 xui-

148 3645 203 3711 τὰς
220 3645 382 3724 &panuliae
400 3648 431 3716 ἐξ
450 3648 569 3704 ἐκείναιν
587 3650 646 3703 τῶν
658 3643 781 3722 χρόνων
798 3644 1026 3717 παραδεδόσθαι
1047 3645 1131 3717 φασί.
1165 3655 1232 3714 Ego,
1261 3661 1288 3699 ut
1305 3657 1359 3714 qaid

150 3728 243 3781 sentio,
263 3728 351 3779 dicem,
371 3728 527 3781 posteriorem
544 3728 567 3770 in
585 3727 698 3770 rationem
715 3726 789 3783 magis
806 3724 857 3768 iere
874 3727 1000 3779 propendo.
1037 3726 1086 3769 lam
1103 3731 1189 3778 restat,
1210 3729 1234 3768 at
1251 3730 1358 3769 constra-

148 3797 249 3841 ctiousm
266 3809 356 3852 quoque
374 3796 499 3839 uerborum
516 3795 621 3839 absolute
639 3808 675 3839 stc
691 3794 836 3849 positorum:
855 3791 988 3837 Sacrorum
1004 3793 1186 3852 Principiorum
1206 3792 1248 3837 Po.
1267 3793 1313 3839 Ro.
1326 3816 1358 3827 -

148 3864 177 3908 ab
200 3866 360 3920 imperitorum
380 3863 561 3908 dubitationibus
578 3865 734 3909 defendamus.
771 3861 882 3906 Nouimus
899 3875 970 3920 ergo,
996 3864 1085 3919 aliquot
1100 3865 1125 3907 in
1143 3862 1273 3918 lapidibus,
1299 3875 1364 3920 qnos-

148 3934 252 3977 tlabimns
269 3934 330 3978 intra
347 3933 370 3976 in
390 3933 471 3988 Capite
490 3933 517 3976 de
536 3933 615 3977 Sacris
633 3933 727 3986 lsiecis,
746 3932 805 3975 nude
821 3931 856 3974 sic
874 3933 928 3985 poni
945 3931 1092 3985 Sacrorum,
1114 3932 1153 3975 nbi
1171 3933 1260 3974 nescias
1279 3931 1360 3991 megi·

147 4007 229 4048 sterne
246 4016 275 4047 an
292 4002 419 4054 minister,
435 4006 538 4059 paterne
553 4015 583 4045 en
595 3999 668 4063 fitius
685 4006 717 4047 stt
733 4000 899 4054 supplendum:
925 4000 968 4045 boc
985 4007 1048 4046 certe
1066 4003 1122 4045 loco
1136 4001 1286 4059 snagistrum
1304 4002 1359 4045 sub·

147 4072 228 4115 audire
245 4071 334 4115 malim.
370 4070 432 4126 (ets.
451 4072 539 4114 tumst.
554 4066 611 4123 113,
626 4069 649 4114 1,
668 4075 692 4115 et
709 4067 733 4115 4.
755 4064 811 4121 115,
830 4064 853 4113 5.
873 4065 930 4122 121,
951 4066 985 4120 3.)
1021 4071 1083 4114 ilaec
1099 4082 1156 4114 seno
1173 4070 1360 4124 ratioeuemplis

149 4140 204 4183 satis
227 4137 318 4184 druna
340 4141 417 4183 minus
439 4140 459 4184 si
478 4138 514 4183 cui
526 4134 592 4193 §rte
610 4138 749 4191 satisfaciat,
782 4137 915 4181 coniectura
936 4138 1030 4182 minitas
1054 4138 1157 4181 absurda
1177 4138 1228 4191 usi,
1255 4138 1360 4183 dicemus

149 4208 303 4262 scalptorem,
322 4209 515 4265 quemadmodum
532 4208 646 4253 erraverit
663 4208 686 4252 in
703 4221 760 4251 voce
778 4204 917 4258 pessunt,
942 4208 1040 4251 alterum
1059 4208 1096 4250 bic
1113 4207 1259 4252 commisisse
1279 4220 1359 4263 pecca·

148 4277 211 4328 tum,
241 4278 329 4322 osnisea
346 4277 397 4320 scil.
416 4281 470 4331 post
491 4276 520 4320 1³.
546 4276 574 4320 n.
600 4276 669 4320 eisaie
690 4275 759 4322 simili
778 4280 833 4319 nota
850 4274 900 4319 Pit.
920 4276 936 4318 i.
957 4291 977 4318 e.
997 4276 1116 4320 Pltuetor.
1134 4275 1265 4319 Praetores
1284 4282 1360 4321 eatena

148 4353 277 4386 serrorum
294 4344 403 4391 exhibent
421 4345 507 4401 lapides
524 4345 613 4400 alsqnot
629 4359 700 4400 supra
717 4345 784 4388 retati
804 4343 825 4401 d.
846 4340 869 4388 l.

215 4409 277 4470 ‘Pota
298 4414 372 4470 igitar
397 4413 453 4459 baec
476 4415 611 4468 inscriptio,
639 4427 736 4472 quacum
759 4426 845 4468 paucae
872 4417 896 4455 et
920 4414 1015 4457 raritate
1033 4418 1056 4457 et
1073 4410 1207 4457 difficultate
1226 4419 1280 4457 sant
1298 4428 1360 4458 com·

149 4480 278 4533 parandae,
301 4482 334 4524 ita
350 4481 439 4524 uidetur
457 4482 619 4540 intelligenda:

217 4547 256 4600 Sp.
282 4547 410 4592 Turranius
429 4573 460 4583 -
478 4550 614 4594 Praetettns
636 4563 679 4604 pro
701 4551 815 4595 Praetore
834 4548 882 4591 luri
900 4551 997 4594 ditando
1015 4551 1037 4594 in
1056 4551 1113 4594 urbe
1130 4551 1229 4595 Lauinio
1256 4552 1302 4601 (··
1318 4553 1362 4595 boe

149 4627 239 4672 quoque
265 4617 403 4669 notandum,
433 4618 554 4662 Lavinium
577 4624 671 4673 propter
695 4620 793 4677 originis
815 4618 960 4663 sanctitatem
984 4621 1188 4677 antiqnitatemqne
1212 4622 1361 4678 aequiparari
