3066 5182
197 336 237 398 n
606 312 997 400 rnnnanrlo

195 513 320 566 mortuo
341 503 530 575 Hauboldo‚
556 499 753 582 impatienter
781 513 994 583 exspectamus
1024 523 1041 564 a
1063 503 1232 587 Borghesii
1254 515 1283 566 et
1305 503 1409 588 Cape·

194 613 282 697 figuti
302 613 461 677 sollertia:
484 611 596 674 seriem
617 610 735 693 pariter
756 612 996 675 Praefectornrn
1018 614 1100 676 Urbi
1121 614 1264 677 intactam
1282 616 1406 700 reliqui.

194 759 234 770 —
257 722 336 788 Cum
355 723 438 785 civili
458 734 558 785 autem
576 721 708 784 historia
726 721 833 784 intima
852 725 981 806 quadam
1003 724 1227 811 necessitudine
1245 725 1408 789 coniuncta

193 845 259 896 erat
287 833 441 908 literaria,
473 833 560 894 cuius
582 833 735 913 specimen
756 832 830 895 satis
852 826 1003 912 amplum,
1033 832 1220 910 historicos,
1251 847 1406 911 oratores,

192 944 412 1026 philosophos,
436 945 559 1024 poetas,
582 941 692 1020 ICtos,
716 946 858 1006 rhetores
881 953 911 1004 et
933 943 1150 1025 grammaticos
1171 944 1202 1006 in
1220 947 1303 1008 saxis
1325 948 1407 1010 cele-

193 1056 304 1117 bratos
326 1054 533 1134 complectens
559 1052 739 1134 composui,
773 1052 833 1127 ita,
863 1064 896 1114 ut
917 1054 978 1116 hoe
1000 1053 1121 1135 quidem
1142 1054 1173 1116 in
1195 1076 1310 1138 genere
1332 1057 1407 1121 nihil

192 1165 261 1229 sere
278 1165 480 1227 desideretur.
523 1163 644 1242 Quibus
659 1162 855 1244 pertractatis
873 1167 1104 1245 procedendum
1124 1175 1200 1242 erat,
1219 1166 1343 1247 opinor,
1368 1172 1407 1230 ad

192 1275 361 1359 religiones
391 1294 504 1358 resque
530 1295 633 1336 sacras
662 1273 876 1346 illustrandas;
906 1277 991 1356 quod
1013 1275 1228 1357 gravissimum
1250 1288 1343 1359 capnt
1363 1283 1406 1340 ita

192 1384 298 1461 divisi,
334 1396 369 1446 nt
395 1385 426 1446 in
453 1385 561 1466 priore
589 1396 676 1465 parte
705 1405 916 1447 enumerarem
942 1383 1043 1465 primo
1072 1385 1159 1449 Deos
1189 1389 1404 1451 Romanorum

190 1495 326 1577 patrios,
352 1506 443 1577 atque
466 1496 578 1557 alore
597 1515 728 1558 exorsus
747 1515 804 1575 per
823 1496 937 1576 gradus
955 1497 993 1556 ad
1011 1496 1155 1576 Eponam
1173 1498 1404 1583 Mephitimque

192 1608 428 1680 descenderem,
452 1616 516 1666 tum
538 1626 616 1668 vero
638 1605 793 1667 Italorum
815 1602 1011 1687 municipales
1033 1605 1132 1682 Deos,
1156 1618 1187 1669 et
1206 1609 1404 1692 peregrinos,

190 1715 222 1778 id
244 1727 290 1778 est
310 1715 466 1779 Asiaticos
489 1726 519 1777 et
539 1715 767 1798 Aegyptiacos,
792 1713 943 1776 cumillis
967 1717 1200 1794 consociarem,
1224 1720 1405 1805 tandemque

191 1826 362 1889 desinerem
391 1825 423 1887 in
453 1824 600 1900 Gallicis,
632 1825 831 1906 Hispanicis,
861 1823 924 1888 eins
958 1825 1081 1908 generis
1110 1826 1176 1889 aliis
1198 1828 1406 1911 anquirendis.

191 1936 263 2016 Qua
285 1935 408 2018 quidem
437 1936 467 1998 in
496 1957 549 2012 re,
589 1935 645 1998 etsi
667 1947 786 1998 eertum
809 1938 959 2018 quendam
981 1957 1017 1998 ac
1037 1935 1183 1999 facillime
1206 1937 1316 2020 cuique
1333 1960 1407 2020 per·

189 2045 366 2128 cipiendum
388 2047 528 2108 ordinem
550 2045 686 2122 servari,
709 2049 811 2128 probe
829 2057 932 2110 tamen
956 2048 1033 2121 scio,
1057 2048 1139 2108 haurd
1157 2047 1331 2123 defuturos,
1356 2049 1409 2132 qui

189 2179 259 2220 erum
280 2157 393 2220 aeriter
414 2156 475 2218 sint
495 2155 737 2238 reprehensuri,
760 2170 914 2240 tamquam
933 2176 1033 2238 neque
1053 2159 1218 2220 obscurum
1237 2158 1327 2232 satis,
1351 2179 1408 2220 nec

190 2266 329 2349 ipsorum
361 2267 561 2348 opinionibus
589 2267 841 2340 convenientem
875 2286 953 2349 quos
976 2265 1116 2350 equidem
1137 2287 1195 2329 suo
1216 2266 1327 2329 iudicio
1343 2267 1407 2330 frui

191 2397 291 2460 aequo
304 2376 405 2438 animo
419 2376 531 2457 patiar.
556 2376 731 2456 simplicem
744 2387 844 2438 tamen
858 2374 1104 2456 perlectionem,
1124 2377 1175 2440 vel
1189 2376 1215 2439 si
1228 2378 1305 2439 haee
1319 2375 1407 2438 nimis

189 2485 286 2548 suerit
307 2485 464 2561 taediosa,
499 2485 631 2547 indicum
654 2497 738 2547 certe
760 2485 894 2561 auxilio,
926 2507 1005 2569 quac
1026 2486 1085 2549 sihi
1106 2507 1230 2571 quoquc
1252 2486 1311 2548 sint
1331 2508 1408 2568 pro·

189 2595 316 2669 futura,
340 2595 454 2677 passim
470 2597 645 2676 reperient:
669 2595 934 2679 meminerintque,
958 2617 1088 2680 quaeso,
1111 2597 1214 2659 locum
1227 2597 1278 2659 hic
1292 2597 1408 2659 nullum

189 2706 296 2781 luisse,
325 2726 426 2788 neque
441 2726 540 2769 novae
554 2718 694 2770 veterum
709 2706 896 2789 religionum
912 2705 1073 2768 doctrinae
1089 2708 1284 2781 condendae,
1306 2727 1407 2790 neque

189 2814 264 2897 ipsis
286 2815 470 2878 assentandi.
515 2815 673 2898 Simplicia
698 2820 857 2879 dumtaxat
877 2836 935 2879 nos
960 2827 1131 2892 sectamur,
1166 2815 1347 2879 testimoniis
1376 2828 1407 2878 et

191 2926 380 3009 argumentis
404 2926 521 2989 idoneis
542 2927 657 3011 ubique
678 2927 810 3002 firmata,
834 2927 918 2987 clara
939 2937 1032 3010 atque
1047 2938 1150 2998 certa3
1167 2947 1252 3010 ,quae
1266 2926 1314 2987 his
1330 2946 1407 2989 con·

189 3037 283 3099 traria
312 3049 398 3111 sunt,
436 3035 537 3098 stultis
570 3048 601 3098 et
620 3037 749 3100 incautis
778 3034 947 3109 mirabilia,
982 3036 1072 3099 nobis
1094 3057 1247 3119 nunqnam
1272 3036 1341 3112 liet,
1373 3048 1407 3097 ut

190 3147 351 3230 placeant;
381 3150 553 3229 eodemque
573 3149 696 3209 tandem
728 3168 854 3221 omnes,
884 3166 998 3226 spero,
1028 3145 1216 3209 inclinabunt
1236 3145 1404 3228 philologi,

189 3257 243 3320 nbi
267 3257 395 3320 inanitas
417 3257 597 3340 vanitasque
623 3256 852 3335 doctrinarum,
884 3277 961 3341 quae
982 3278 1063 3318 nunc
1084 3256 1298 3332 invaluerunt,
1332 3255 1406 3346 satis

192 3367 253 3431 erit
273 3369 494 3431 demonstrata.
1022 3354 1033 3368 ”

273 3477 370 3542 Simili
392 3477 500 3540 deinde
515 3476 636 3540 ratione
651 3487 791 3539 versatus
808 3498 874 3539 snm
888 3476 920 3537 in
941 3477 1139 3552 sacerdotiis,
1164 3487 1295 3560 totoque
1317 3476 1403 3539 cultu

191 3588 297 3655 divino
324 3588 456 3670 lapidum
485 3586 668 3651 adminicrdo
701 3587 907 3658 illustrandis;
944 3587 1124 3670 quibuscum
1150 3597 1215 3649 arte
1237 3587 1405 3649 cohaerent

190 3700 288 3764 omnis
311 3697 433 3782 generis
456 3697 539 3772 ludi,
563 3698 756 3778 spectacula,
787 3696 965 3758 certamina.

212 3838 218 3853 ·
272 3810 421 3890 Quartam
450 3807 595 3888 deinceps
620 3827 723 3870 rerum
755 3808 965 3870 Romanarum
989 3807 1100 3881 seriem
1125 3806 1232 3871 exorsi
1256 3827 1360 3868 sumus
1387 3829 1405 3868 a

189 3919 401 3992 matrimonio,
431 3920 534 3999 quod,
556 3917 696 4001 quamvis
719 3917 873 3979 advitam
896 3916 1092 3979 domesticam
1109 3917 1290 3998 civilemque
1305 3917 1404 4001 magis

189 4029 375 4112 pertineret,
397 4049 414 4088 a
433 4026 627 4089 caerimoniis
645 4038 746 4088 tamen
760 4025 900 4089 Deorum
916 4024 1133 4088 immortalium
1149 4027 1231 4088 haud
1246 4037 1327 4088 esset
1342 4029 1403 4089 dis·

188 4141 343 4209 innctnm3
365 4145 476 4216 utpote
495 4138 592 4219 quod,
613 4134 796 4199 Modestino
814 4144 954 4209 anctore,
979 4135 1074 4198 divini
1093 4148 1124 4198 et
1138 4134 1260 4199 humani
1273 4136 1350 4198 iuris
1366 4138 1409 4214 sit,

189 4245 444 4318 communicatio;
459 4244 562 4306 varias
575 4256 686 4325 postea
697 4244 936 4308 necessitudines
948 4265 965 4306 e
979 4246 1092 4325 nuptiis
1105 4256 1202 4322 ortas,
1217 4268 1253 4308 ac
1266 4247 1401 4319 nomina,

189 4379 321 4444 qnorum
339 4355 489 4438 perplexa
500 4374 592 4436 saepe
604 4354 683 4417 ratio
697 4376 736 4416 ex
750 4353 1004 4436 inscriptionibus
1019 4357 1101 4418 haud
1117 4355 1266 4447 minimam
1282 4368 1403 4441 partem

189 4467 373 4550 explicatur,
389 4485 495 4529 sumus
508 4464 676 4547 persecuti.
719 4464 807 4544 Quae
822 4465 923 4527 omnia
941 4487 1035 4549 quum
1050 4468 1089 4529 ad
1106 4465 1263 4551 ingenuos
1276 4450 1404 4548 potississ

189 4599 270 4642 munn
280 4586 470 4661 spectarent,
493 4574 577 4639 servi
588 4572 689 4636 statim
703 4575 792 4637 uthis
805 4587 1050 4657 opponerentur,
1064 4589 1131 4639 erat
1141 4588 1379 4642 consentaneum
1395 4600 1402 4651 ;
