3066 5182
502 317 892 383 PRAEFATIO.
1265 324 1303 386 11

87 497 212 570 poterat
231 508 333 572 aequo
356 485 495 551 censori:
519 489 574 550 sed
597 487 712 569 duplex
724 497 884 569 praeterea
899 490 1060 554 eonsilium
1076 490 1176 555 animo
1191 494 1307 555 obver-

87 601 217 664 sabatur
245 621 336 663 meo:
373 597 399 661 si
428 598 550 684 quidem
578 597 675 681 ipsam
705 619 830 682 quoque
857 599 1046 682 disciplinam
1075 602 1305 686 epigraphicam

89 710 284 794 aliquatenus
305 708 470 785 adiuvare,
505 708 681 791 librumque
704 730 803 771 meum
824 710 954 791 propria
975 713 1104 794 quadam
1126 714 1199 776 dote
1220 735 1306 776 coru·

90 823 239 884 mandare
259 820 407 884 studiosis
428 830 548 882 mature
569 822 780 883 decreveram.
823 818 964 883 Primum
984 819 1081 904 igitur
1099 844 1115 885 e
1130 822 1304 907 largissimo

89 953 176 1015 penu
188 932 474 1017 Hagenbucbiano,
498 951 700 1015 quaeeunque
715 932 876 994 commode
891 943 1019 1012 possent
1032 932 1150 1007 afferri,
1172 933 1202 996 iu
1217 956 1305 996 usum

93 1041 288 1106 eruditorum
309 1053 396 1104 erant
419 1044 647 1124 depromenda3
676 1060 776 1123 neque
797 1040 919 1106 silentio
948 1045 1115 1124 premenda
1144 1046 1303 1120 ducebam,

90 1173 171 1236 quae
193 1151 274 1215 inter
296 1163 357 1215 tam
380 1152 553 1215 diuturnum
575 1152 730 1227 laborem,
751 1151 956 1235 gratissimum
979 1153 1102 1236 quidem
1122 1152 1220 1229 illum,
1244 1155 1306 1236 ipsi

88 1263 163 1326 mihi
181 1261 339 1326 venissent
353 1262 382 1325 in
398 1273 530 1347 mentem
545 1260 812 1342 interpretationis
827 1274 857 1325 et
871 1263 1115 1327 emendationum
1130 1265 1304 1328 tentamina.

89 1375 202 1458 Neque
226 1393 303 1436 vero
325 1373 476 1437 minimam
505 1372 633 1436 huiusce
662 1394 755 1435 curae
781 1372 941 1436 utilitatem
972 1394 1037 1435 eam
1063 1394 1129 1437 esse
1150 1388 1303 1456 reputem,

91 1486 177 1568 quod
204 1486 283 1546 duce
306 1483 489 1568 plerumque
510 1483 759 1567 Hageubucbio,
792 1482 899 1548 titulos
923 1504 940 1545 a
962 1483 1091 1547 diversis
1112 1486 1305 1566 repetitionis

89 1596 156 1658 lere
173 1594 293 1678 ignaris
318 1594 473 1658 exhibitos
497 1593 649 1678 varioque
672 1596 767 1656 modo
791 1594 842 1656 vel
857 1594 955 1656 lectos
970 1595 1020 1657 vel
1036 1595 1208 1676 explicatos
1223 1597 1304 1659 inter

89 1724 122 1768 se
142 1704 278 1768 contuli:
316 1724 377 1787 qua
398 1703 521 1787 quidem
544 1703 705 1789 diligentia
732 1703 772 1780 ii,
809 1702 921 1786 quibus
949 1725 1075 1786 magnas
1104 1706 1304 1770 collectiones

90 1814 266 1878 excutiendi
293 1815 437 1878 voluntas
466 1813 542 1890 crit,
576 1817 658 1877 baud
687 1813 750 1877 levi
781 1833 872 1896 saepe
904 1814 1041 1877 molestia
1073 1815 1299 1880 liberabuntur.

89 1926 200 2010 Neque
231 1936 334 1989 tamen
368 1926 399 1988 id
438 1925 498 1989 mei
534 1925 626 1990 officii
654 1924 745 2001 drrxi,
778 1935 813 1986 ut
839 1923 966 2007 singulis
994 1924 1025 1986 in
1054 1925 1150 1988 titulis
1183 1927 1295 2003 omnia,

90 2033 144 2097 urbi
169 2035 262 2097 iidem
291 2036 522 2117 reperirentur,
552 2036 668 2117 scripta
688 2033 866 2098 indicarem.
916 2036 1018 2097 Nemo
1046 2035 1143 2118 igitur
1163 2038 1296 2100 exsultet

91 2157 182 2231 atque
203 2145 392 2228 triumphet,
415 2145 468 2208 ubi
489 2147 600 2208 librum
621 2142 818 2228 investigarit
837 2165 916 2207 ame
930 2144 1128 2225 praeteritum
1143 2146 1194 2208 vel
1207 2147 1299 2226 plane

89 2256 284 2339 ignoratum,
316 2257 421 2338 potius
450 2276 524 2332 eos,
554 2255 666 2337 quibus
696 2252 804 2321 Turici
831 2254 875 2318 uti
896 2253 970 2316 mihi
991 2274 1171 2318 eoncessum
1192 2254 1301 2331 luerit,

90 2387 129 2428 ex
150 2366 248 2430 indice
269 2369 419 2430 desumat.

173 2478 315 2572 Alteram
338 2499 414 2541 vero
436 2478 634 2561 praecipuam
658 2500 763 2542 curam
784 2478 816 2540 iu
834 2477 909 2540 illud
927 2497 1052 2562 quoque
1071 2477 1304 2558 impendendam

91 2587 213 2669 merito,
237 2600 271 2651 ut
294 2590 418 2670 opinor,
442 2601 527 2652 ratus
548 2611 627 2666 sum,
656 2600 690 2651 ut
710 2610 825 2653 novum
844 2588 970 2672 aliquod
983 2587 1226 2669 supplementum
1241 2609 1305 2649 ma·

93 2719 221 2781 gnarum
243 2720 385 2779 pararem
407 2699 645 2773 collectionum
669 2719 769 2783 neque
791 2718 870 2760 vero
890 2697 980 2759 aliter
993 2697 1024 2759 id
1038 2696 1166 2780 exsequi
1178 2696 1302 2775 licebat,

92 2807 150 2871 uisi
162 2807 300 2871 studiose
315 2812 519 2893 undecunque
534 2807 731 2893 conquisitis,
756 2807 809 2892 qui
827 2818 901 2889 post
915 2808 1073 2870 Donatum
1087 2809 1208 2869 demum
1229 2807 1304 2870 editi

93 2930 211 2994 essent,
243 2917 415 3000 lapidrlurs3
447 2918 479 2981 in
500 2919 613 3002 quibus
633 2916 891 2992 transcribendis,
926 2918 1092 2980 dummodo
1113 2917 1304 2980 haud'nimis

93 3027 199 3112 exigui
214 3049 249 3090 ae
263 3027 361 3090 tenuis
377 3030 556 3091 viderentur
571 3028 728 3103 momenti,
744 3025 915 3111 largiorem
930 3027 1089 3110 aliquanto
1101 3048 1149 3090 me
1160 3027 1302 3109 praebui,

90 3159 181 3222 quam
202 3137 232 3200 in
254 3137 304 3213 iis,
327 3138 381 3221 qui
400 3138 575 3201 iamdudum
591 3136 875 3222 essentpervagati
895 3148 925 3199 et
942 3136 974 3199 in
990 3138 1152 3219 thesauros
1171 3137 1303 3210 conditi3

89 3246 182 3331 idque
203 3249 371 3330 praecipue
393 3248 506 3311 dietum
528 3261 595 3312 esto
617 3250 655 3311 de
678 3246 884 3321 Gruteriauis,
908 3250 1036 3310 duarum
1054 3246 1115 3308 iam
1138 3246 1305 3311 editionum

91 3378 153 3439 ope
173 3359 308 3421 omnium
331 3358 460 3422 maxime
481 3360 673 3442 pervulgatis
696 3380 731 3421 ae
753 3379 811 3440 per
832 3367 961 3418 cunctos
980 3355 1048 3419 lere
1062 3355 1305 3440 antiquariorrun

90 3467 188 3532 libros
207 3468 348 3542 laudatis,
371 3469 538 3550 excerptis,
561 3468 691 3531 recusis.
735 3469 788 3529 Ex
807 3465 936 3528 Gruteri
952 3466 1050 3549 igitur
1067 3469 1213 3530 thesauro
1231 3489 1306 3548 per-

91 3579 198 3653 multa,
217 3599 295 3661 quae
310 3599 367 3660 per
384 3599 417 3639 se
435 3579 518 3640 haud
536 3578 662 3642 omnino
678 3576 888 3659 displicerent,
905 3578 1048 3639 consulto
1065 3588 1156 3658 atque
1173 3576 1306 3639 scienter

90 3688 297 3773 praetermisi,
321 3709 385 3772 quo
399 3688 501 3752 locum
520 3709 677 3751 servarem
696 3708 804 3750 recens
827 3686 966 3760 effossis,
993 3687 1051 3747 etsi
1065 3686 1191 3748 subinde
1208 3679 1305 3745 minus

88 3795 222 3860 forsitan
245 3797 357 3881 dignis,
380 3819 458 3880 quae
476 3798 541 3860 aliis
560 3797 753 3861 Gruterianis
769 3795 1015 3878 praeferrentur.
1060 3796 1121 3857 Sed
1137 3795 1169 3856 id
1186 3793 1304 3875 peritos

88 3905 206 3968 iudices
221 3907 303 3969 baud
317 3927 412 3990 aegre
427 3908 545 3970 laturos
560 3908 631 3971 lore
646 3908 781 3984 conlido,
798 3906 851 3968 ubi
865 3904 1045 3988 cogitarint,
1064 3925 1156 3988 quam
1171 3903 1303 3978 difficile,

90 4035 244 4099 quamque
269 4014 431 4077 molestum
459 4015 499 4077 sit
525 4015 692 4098 philologo
721 4016 752 4077 in
781 4015 880 4079 omnis
902 4016 1024 4099 generis
1046 4013 1302 4096 ephemeridibus,

92 4125 270 4199 itinerariis,
295 4124 451 4206 opusculis
473 4125 652 4207 antiquariis
666 4125 895 4209 pervestigare,
920 4146 998 4208 quae
1012 4146 1097 4187 suam
1114 4124 1305 4206 disciplinam

87 4255 202 4297 revera
234 4234 359 4310 iuvent,
399 4255 499 4318 neque
526 4234 645 4297 inanem
677 4238 889 4298 tautummodo
922 4235 1131 4298 curiositatem
1165 4245 1303 4316 pascant.

87 4346 201 4429 Itaque
224 4344 412 4427 aliquatenus
443 4355 527 4407 certe
554 4344 715 4427 provisum
744 4344 821 4421 erit,
851 4357 886 4407 ut
913 4344 1061 4428 quidquid
1088 4344 1155 4406 lere
1183 4345 1245 4405 hoc
1274 4344 1305 4405 in

86 4475 206 4538 genere
228 4465 301 4535 post
322 4475 432 4518 annum
453 4454 576 4518 circiter
598 4454 865 4521 MDCCLXXV
885 4454 915 4516 in
937 4456 1037 4517 lucem
1053 4453 1181 4529 venerit,
1211 4465 1304 4537 atque

85 4567 127 4629 ad
147 4562 337 4648 antiquitatis
358 4565 520 4630 Romanae
541 4565 697 4629 seientiam
726 4565 953 4648 percipiendam
980 4584 1056 4627 vere
1085 4564 1243 4640 conserat,
1272 4563 1303 4626 in
