3066 5182
564 307 952 375 PRAEFATIO.
1324 310 1362 373 15

151 479 265 552 iidem,
288 477 315 539 si
337 477 409 540 mihi
432 477 530 540 visum
552 487 652 552 esset,
675 475 824 539 collocari
844 488 990 559 poterant
1012 476 1101 539 etiam
1126 489 1200 560 post
1225 476 1363 559 opifices.
1430 530 1433 538 .

155 590 207 652 Ab
233 589 358 651 illorum
387 586 509 672 quidem
535 586 709 649 ministeriis
734 609 827 669 qsurm
854 588 993 670 separari
1014 609 1077 651 non
1097 600 1227 671 possent
1249 588 1362 662 officia,

153 721 234 784 quae
256 698 419 775 dicuntur,
452 702 563 762 domus
585 698 766 780 Augustae,
795 699 833 759 de
854 697 901 759 his
923 719 1048 781 quoque
1071 698 1102 760 iu
1123 699 1276 781 lapidibus
1297 721 1365 761 sae·

153 811 280 893 pissime
302 809 497 882 memoratis,
521 821 666 892 quantum
681 820 790 872 nostro
804 830 865 891 pro
880 811 1011 873 consilio
1026 810 1094 872 fieri
1110 812 1251 884 debebat,
1275 833 1364 873 aecn-

153 923 251 985 ratius
273 921 402 1007 egimus.
446 920 596 982 Libertos
613 920 744 1001 posthae
765 940 782 980 e
801 919 949 982 servitute
969 920 1096 987 emissos
1119 921 1281 1004 civiliaque
1298 924 1367 984 iura

155 1037 286 1114 adeptos
314 1031 470 1105 comitati,
507 1030 704 1114 pervenimus
733 1032 772 1091 ad
792 1030 909 1112 Populi
929 1030 1024 1111 ipsius
1046 1044 1273 1095 sacrosanctam
1295 1053 1365 1095 cer-

155 1145 260 1227 tisque
280 1142 402 1227 legibus
424 1140 599 1204 adstrictam
621 1142 817 1214 societatem,
840 1139 871 1202 iu
893 1141 980 1204 cuim
1000 1141 1134 1225 imagine
1156 1145 1365 1205 adumbrantia

156 1255 271 1316 civium
286 1275 411 1338 genera,
436 1253 571 1326 ordines,
595 1252 690 1314 totius
710 1251 755 1312 rei
771 1249 912 1332 publicae
924 1252 1067 1329 formam,
1091 1253 1189 1336 leges,
1213 1264 1362 1327 senatum,

155 1365 355 1449 magistratus
375 1362 499 1436 varios,
529 1364 682 1437 honores,
720 1382 845 1425 munera
865 1383 963 1446 usque
985 1365 1024 1425 ad
1043 1362 1210 1426 novissima
1231 1363 1366 1426 Romani

156 1475 281 1557 imperii
308 1487 450 1556 tempora
478 1471 701 1535 recensuimus.
754 1474 860 1556 Leges
896 1471 1016 1554 quidem
1047 1474 1146 1554 ipsas,
1188 1496 1279 1558 quas,
1321 1475 1365 1537 uti

157 1608 267 1668 spero,
291 1585 440 1647 Klenzius
461 1583 657 1645 illustrandas
670 1582 739 1653 ¹sibi
759 1595 879 1660 sumet,
899 1583 1088 1665 paucissimis
1111 1585 1267 1665 exceptis,
1291 1606 1366 1648 con-

156 1698 243 1759 sulto
263 1716 323 1758 non
343 1694 519 1778 attigimus3
541 1714 640 1777 neque
659 1693 737 1756 enim
755 1693 786 1755 in
804 1694 840 1756 iis
859 1693 1097 1775 interpretandis
1119 1716 1175 1758 nos
1199 1695 1274 1757 iuris
1298 1693 1368 1777 qui·

157 1810 229 1868 dem
257 1805 447 1887 prudentiam
478 1826 632 1888 nunquam
657 1803 793 1886 professi
821 1803 974 1866 nobismet
1002 1804 1078 1885 ipsis
1099 1806 1364 1879 satisfecissemus,

158 1939 219 1979 nee
245 1916 424 1998 simpliciter
445 1919 564 1978 easdem
586 1915 764 1977 exscribere
785 1916 927 1977 vacabat.
970 1913 1077 1978 Nolim
1099 1915 1213 1999 igitur,
1238 1937 1366 2000 quaeras

158 2028 356 2089 desideresve
377 2047 447 2090 mco
467 2026 499 2087 in
520 2025 602 2088 libro
624 2027 660 2087 S.
684 2024 724 2089 C.
747 2027 784 2086 de
801 2025 1057 2101 Bacchanalibus,
1082 2047 1137 2088 nec
1151 2029 1271 2110 Legem
1293 2029 1368 2090 Ser-

158 2138 286 2214 viliam,
311 2158 367 2201 nec
386 2136 574 2200 iudiciariam
596 2135 714 2199 Galliae
735 2134 922 2215 Cisalpinae,
947 2145 1004 2197 nee
1021 2135 1259 2198 Heracleensem
1280 2139 1369 2197 tabu·

158 2250 220 2311 lam
257 2251 306 2327 (ut
334 2251 490 2330 eleganter
518 2268 586 2309 cum
614 2249 753 2330 Hugone
782 2247 925 2327 loquar),
958 2267 1015 2308 nee
1042 2246 1144 2330 legem
1165 2247 1368 2310 Puteolanam

158 2358 274 2441 parieti
294 2357 450 2434 iaeirmdo,
473 2379 530 2419 nec
551 2356 678 2442 regiam,
702 2376 781 2438 quae
803 2354 925 2430 dicitur,
949 2354 1145 2438 Vespasiani,
1169 2378 1268 2441 neque
1286 2360 1369 2421 Aeta

157 2470 212 2532 illa
234 2480 357 2531 senatus
378 2467 591 2551 supposititia,
614 2487 672 2529 nee
692 2467 843 2529 Tabulam
865 2465 1084 2529 alimentariam
1107 2466 1244 2541 Traiani,
1269 2489 1368 2551 neque

91 2640 96 2647 .
158 2578 509 2662 Antiatinam,.neque,
540 2588 573 2639 ut
595 2579 633 2638 ad
653 2576 803 2640 historica
823 2577 1028 2660 progrediar,
1053 2579 1166 2642 Fastos
1189 2581 1368 2641 consulares

158 2714 198 2753 ac
218 2688 430 2771 triumphales,
445 2710 503 2750 nec
521 2688 760 2752 Monumentum
776 2688 987 2766 Ancyranum,
1004 2709 1060 2751 nec
1080 2688 1299 2772 Torigniense,
1316 2710 1370 2751 ne·

160 2822 222 2886 que
237 2799 408 2863 orationem
425 2797 546 2862 Claudii
562 2794 717 2871 Caesaris,
741 2818 832 2881 quae,
854 2798 968 2879 optime
983 2799 1058 2861 mihi
1076 2811 1162 2873 nota,
1181 2800 1248 2862 fere
1267 2799 1368 2863 omnia

160 2911 285 2992 saepius
306 2909 364 2972 iarn
386 2908 460 2971 alibi
479 2919 551 2970 sunt
578 2907 726 2989 repetita.
769 2908 995 2971 Abstinendum
1023 2910 1101 2972 enim
1131 2921 1196 2972 erat
1219 2931 1236 2972 a
1256 2909 1369 2973 talibus

160 3022 231 3085 ideo
254 3041 391 3105 quoque,
415 3031 448 3081 ut
466 3016 569 3081 locum
585 3016 662 3093 aliis,
686 3016 901 3081 minutioribus
915 3019 1060 3096 fortasse,
1077 3041 1284 3085 reservarem.
1308 3022 1370 3082 Sed

162 3154 232 3194 cum
246 3129 476 3213 magistratibus
492 3127 646 3192 artissimo
661 3127 786 3192 vinculo
802 3127 966 3192 coniuncta
981 3129 1114 3194 vidimus
1133 3132 1232 3195 officia
1251 3131 1370 3194 minora

164 3241 394 3322 apparitorum,
416 3240 605 3312 scribarum,
629 3250 828 3315 exactorum,
852 3239 1092 3313 tabulariorum
1115 3263 1183 3303 cum
1206 3254 1271 3306 tota
1293 3263 1370 3306 vero

163 3373 196 3414 re
217 3351 340 3433 publica
355 3363 385 3414 et
400 3370 530 3432 operum
544 3349 740 3431 publicorum
756 3369 792 3410 ac
806 3349 1003 3433 vectigalium
1018 3350 1193 3413 universam
1207 3353 1368 3429 rationem,

165 3474 195 3524 et
222 3483 285 3525 rem
313 3462 494 3536 militarem,
525 3460 636 3543 quihus
665 3460 806 3525 omnihus
833 3460 956 3543 singula
983 3460 1084 3543 capita
1111 3474 1182 3525 sunt
1203 3463 1370 3547 assignata.

167 3572 374 3657 Quamquam,
407 3571 560 3655 permulta
593 3591 665 3632 sane
697 3592 715 3633 a
743 3569 902 3651 prioribus
938 3570 1172 3652 inscriptionum
1201 3574 1370 3637 editoribus

164 3683 230 3747 iore
258 3688 392 3767 quodam
418 3704 476 3746 suo
505 3682 586 3745 inter
614 3701 711 3762 opera
738 3681 861 3761 publica
885 3680 981 3743 relata
1001 3694 1203 3762 praeceperat
1223 3682 1313 3745 nohis
1335 3703 1377 3763 ea,

167 3793 268 3876 operis
295 3815 389 3876 pars,
425 3792 507 3877 quae
534 3791 737 3855 monumentis
765 3789 923 3854 historicis
945 3789 1043 3854 dicata
1065 3791 1260 3874 diligentiore
1281 3791 1373 3854 etiam

167 3904 347 3988 caradigua
366 3904 545 3978 videbatur3
566 3905 646 3965 unde
664 3901 779 3964 lactum
797 3912 853 3975 est,
878 3912 910 3963 ut
928 3898 1121 3982 municipalia
1138 3902 1205 3964 lere
1223 3900 1372 3984 incapite

167 4036 261 4098 opera
281 4015 406 4097 publica
426 4013 602 4078 continente
623 4013 790 4096 legantur,
819 4010 994 4092 principum
1025 4032 1100 4074 vero
1131 4033 1169 4077 eo
1199 4012 1230 4074 in
1258 4034 1373 4096 genere

165 4126 272 4189 merita
292 4138 323 4188 et
342 4127 449 4188 laudes
469 4123 500 4186 in
521 4123 676 4187 historicis
696 4122 800 4204 potius
822 4122 924 4185 locum
938 4120 1111 4184 invenerint
1124 4143 1226 4185 serram.
1260 4126 1372 4208 Neque

165 4258 243 4301 vero
273 4236 504 4319 provinciarum
536 4230 790 4295 administrationi
821 4234 1022 4314 exponendae
1053 4232 1174 4317 largior
1209 4248 1373 4316 supererat

164 4347 288 4426 messis,
313 4369 330 4410 a
350 4346 493 4411 civilibus
516 4343 676 4406 maximam
697 4354 816 4425 partem
839 4354 870 4404 et
888 4342 1011 4405 tubanis
1031 4344 1262 4427 magistratibus
1280 4367 1374 4410 occu·

162 4473 254 4542 pata:
286 4469 320 4520 at
346 4478 385 4522 eo
414 4454 510 4518 maius
539 4453 671 4517 studium
700 4453 731 4515 in
759 4474 799 4517 eo
827 4453 1066 4532 collocavimus,
1099 4465 1134 4517 ut
1162 4477 1283 4520 omnem
1308 4479 1374 4520 rem

161 4571 325 4634 militarem
348 4565 523 4631 accuratius
543 4565 782 4636 enuclearemus,
807 4573 982 4643 temporum
1005 4565 1124 4628 ratione
1146 4577 1291 4648 quantum
1306 4568 1374 4632 fieri

156 4693 305 4764 poterat,
328 4681 381 4744 bie
401 4697 546 4762 quoquc,
570 4686 605 4741 ut
626 4674 656 4737 in
677 4673 822 4757 reliquis,
851 4694 972 4754 semper
992 4674 1108 4736 habita.
