3066 5182
536 351 929 417 PRAEFATIO.
1323 356 1342 423 9

126 532 278 606 quatemus
293 518 445 604 exemplis
465 519 572 584 doceri
587 531 709 602 potest,
735 520 803 584 scre
823 520 1016 601 posthabito,
1034 523 1192 586 Romanae
1209 523 1342 606 antiqui·

62 630 100 689 f
126 633 198 697 tatis
219 633 389 715 praecipua
409 635 491 695 ratio
509 633 692 699 haberetur.
735 631 910 715 Digerendi
930 631 1026 716 igitur
1044 646 1114 696 ante
1133 635 1236 697 omnia
1254 647 1342 698 eraut

128 745 211 808 tituli
232 744 352 807 eumin
373 746 517 817 modum,
539 754 574 805 ut
595 743 768 827 quicunque
790 743 821 805 iu
835 743 921 807 istam
938 744 1124 826 disciplinam
1139 744 1340 822 incumberet,

127 855 249 919 facilius
260 877 352 938 quam
368 853 516 918 consultis
531 853 617 917 libris
638 854 757 930 Smetii,
772 854 912 929 Gentem,
927 855 1075 930 Reinesii,
1093 857 1214 937 Sponii,
1231 856 1340 932 Donii,

129 966 284 1041 Fahretti,
296 965 400 1039 Gudii,
410 965 594 1037 Muratorii‚
606 965 738 1040 Malieii,
750 976 780 1027 et
791 966 920 1041 Donati,
932 969 1078 1050 (quorum
1090 970 1196 1029 decem
1205 970 1342 1030 virorum

130 1082 295 1141 doctorum
324 1096 415 1140 ouras
445 1097 647 1158 magnarum
675 1077 904 1139 collectionum
932 1078 1008 1140 trito
1034 1077 1155 1141 iamiam
1186 1079 1342 1142 vocabulo

130 1190 395 1270 comprehendere
417 1189 518 1265 soleo)
542 1187 700 1271 gravioris
721 1188 868 1250 momenti
884 1189 991 1252 titulos
1010 1189 1178 1272 plerosque
1197 1192 1236 1250 ad
1250 1200 1343 1270 caput

129 1299 265 1383 quodvis
279 1297 444 1379 praecipue
458 1310 643 1379 spectantes,
664 1320 727 1362 uno
747 1300 832 1362 velut
846 1311 1028 1380 conspectu,
1051 1320 1108 1361 uec
1126 1300 1190 1362 sine
1211 1304 1341 1384 quadam

129 1410 335 1475 delectatione
356 1420 463 1490 posset
483 1410 684 1490 perlustrare.
728 1411 848 1472 Verum
869 1412 951 1471 hune
971 1421 1103 1490 propter
1124 1410 1215 1473 linem
1236 1412 1341 1492 plures

130 1520 204 1583 mihi
225 1523 348 1585 classes
369 1532 456 1582 erant
476 1520 689 1597 instituendae,
712 1521 869 1604 longeque
883 1521 971 1597 aliae,
998 1543 1034 1584 ae
1054 1521 1151 1583 risum
1171 1532 1238 1583 erat
1254 1522 1342 1602 prio·

130 1631 230 1707 ribus,
256 1632 367 1713 quibus
381 1653 473 1714 quam
487 1632 651 1694 maximum
666 1630 900 1712 inscriptionum
915 1654 1074 1695 numerum
1088 1632 1237 1716 colligere
1251 1633 1341 1696 unice

130 1741 325 1824 propositum
354 1743 475 1805 luisset.
518 1742 589 1822 Qua
617 1742 650 1804 in
675 1763 711 1804 re
732 1743 887 1806 latendum
910 1764 983 1806 sane
1006 1743 1079 1805 mihi
1099 1744 1209 1817 video,
1247 1766 1340 1808 untun

130 1855 270 1939 idemque
292 1875 399 1916 saxum
421 1854 490 1934 pari
509 1854 578 1917 sere
599 1853 667 1915 iure
689 1853 811 1915 diversa
831 1874 924 1933 saepe
945 1856 984 1915 ad
1004 1853 1105 1934 capita
1126 1854 1266 1935 potuisse
1290 1877 1341 1918 re·

88 2022 91 2027 .
130 1965 223 2040 terri,
254 1965 393 2047 quamvis
415 1964 664 2028 committendum
685 1985 749 2026 uon
769 1975 867 2039 esset,
897 1973 931 2026 ut
952 1963 1002 2026 vel
1024 1964 1124 2028 dedita
1147 1986 1260 2045 opera,
1290 1967 1341 2029 vel

131 2074 238 2156 supina
259 2076 329 2151 illa,
361 2096 421 2159 qua
442 2096 532 2138 nemo
553 2074 745 2157 frequentius
767 2073 947 2139 Muratorio
968 2077 1127 2157 peccarit,
1151 2076 1341 2160 negligentia

131 2186 178 2247 bis
202 2198 289 2248 terve
314 2196 521 2266 repeteretur.
569 2186 717 2249 ,Attamen
738 2185 810 2248 huic
832 2206 894 2247 uon
914 2185 978 2248 levi
999 2186 1120 2269 quidem
1142 2187 1340 2249 incommodo

130 2320 224 2380 qum
243 2297 376 2360 indicum
398 2319 458 2379 ope
480 2298 596 2360 mederi
618 2310 743 2361 conatus
765 2282 850 2370 sum,
885 2307 950 2357 turn
970 2295 1101 2358 subinde
1120 2297 1269 2359 lectorem
1298 2316 1338 2360 eo

132 2409 305 2483 amandavi,
343 2409 399 2471 alia
426 2409 480 2472 ubi
506 2409 659 2472 inveniret
687 2429 770 2485 rem,
801 2409 838 2471 de
866 2429 927 2491 qua
955 2428 1047 2490 quum
1078 2406 1207 2481 maxime
1235 2429 1339 2471 sermo

130 2531 231 2592 esset,
263 2521 462 2582 illustratura.

214 2631 334 2692 Verum
354 2631 385 2693 id
405 2631 436 2693 in
458 2632 565 2713 primis
586 2636 783 2714 spectandum
806 2645 889 2709 erat,
902 2646 948 2696 ut
970 2657 1010 2697 ex
1030 2633 1189 2697 titulorum
1207 2635 1341 2714 quadra·

131 2741 216 2823 ginta
245 2741 369 2804 circiter
397 2741 530 2804 millibus
559 2764 577 2806 a
605 2765 652 2805 me
674 2744 837 2825 perlectis,
872 2745 1081 2829 utnusquisque
1102 2765 1229 2820 eorum,
1260 2765 1339 2826 quos

130 2851 326 2935 selegissem,
359 2864 423 2915 turu
452 2853 547 2935 ipsius
576 2865 647 2917 ante
670 2855 771 2918 omnia
800 2855 971 2938 argumenti
998 2855 1168 2938 gravitate,
1205 2866 1269 2916 tum
1296 2853 1342 2931 (id

131 2966 217 3044 qttcd
231 2962 407 3042 proximum
420 2967 499 3040 erat)
520 2965 738 3027 sententiarum
759 2964 970 3047 sermonisque
987 2965 1156 3047 elegantia,
1179 2976 1264 3039 tum,
1287 2964 1341 3025 ubi

131 3092 246 3153 operae
263 3073 395 3154 pretium
409 3086 502 3149 esset,
526 3074 695 3137 rusticitate
717 3095 931 3159 quoquesua,
955 3073 1086 3138 Latinae
1104 3075 1230 3159 linguae
1246 3073 1341 3135 vicis-

130 3183 275 3245 situdines
290 3184 473 3268 letalemque
487 3188 607 3247 tandem
622 3185 777 3247 interitum
796 3189 1035 3259 demonstrante,
1051 3186 1191 3248 studioso
1207 3205 1240 3247 se
1255 3205 1340 3247 com·

130 3295 299 3356 mendaret.
336 3296 425 3374 Quae
439 3316 511 3357 sane
527 3296 689 3358 arbitraria
704 3297 787 3357 haud
801 3316 875 3358 raro
891 3306 957 3357 erat
973 3294 1078 3375 optio;
1101 3294 1249 3377 siquidem
1265 3293 1341 3358 alins

131 3402 288 3465 reiecisset
304 3425 465 3485 persaepe,
488 3405 562 3467 milri
580 3428 659 3487 quae
678 3406 910 3467 transcribenda
928 3406 1127 3476 videbantur,
1149 3405 1242 3468 immo
1259 3405 1339 3486 ipse,

129 3513 227 3576 libere
247 3516 359 3589 dicam,
382 3527 530 3598 quattuor
549 3537 606 3597 per
624 3537 720 3578 anuos
742 3518 804 3578 hoe
825 3517 856 3577 iu
877 3515 1005 3599 negotio
1024 3527 1167 3578 versatus
1185 3517 1246 3579 alio
1265 3527 1341 3578 tem-

128 3647 208 3706 pore
230 3625 297 3687 aliis
319 3626 396 3688 alios
416 3627 549 3689 fortasse
570 3627 784 3706 praetulissem
806 3625 931 3688 titulos:
955 3625 1083 3704 (infinita
1106 3636 1153 3688 est
1175 3626 1254 3686 enim
1277 3627 1341 3701 res)

129 3755 185 3795 nec
205 3747 305 3796 tamen
325 3735 356 3797 in
378 3736 466 3798 nimis
488 3737 589 3798 multis
611 3735 742 3798 abissent
761 3759 777 3798 a
799 3736 955 3817 praesenti
969 3757 1039 3799 meo
1051 3734 1179 3798 iudicio.
1217 3733 1341 3796 Etenim

128 3843 280 3907 affirmare
302 3848 415 3918 ausim,
445 3849 612 3930 quemlibet
632 3849 694 3909 huc
717 3848 903 3910 collocatum
924 3858 1027 3909 certas
1048 3856 1181 3927 propter
1201 3846 1341 3907 rationes

126 3975 216 4017 snum
236 3957 339 4020 locum
361 3958 456 4033 tueri,
488 3979 588 4041 neque
608 3958 761 4042 ingratum
783 3959 854 4022 fore
875 3956 999 4021 lectori.

209 4068 280 4129 Erit
294 4089 385 4143 sane,
408 4068 461 4130 ubi
482 4069 580 4131 minus
602 4070 692 4151 periti
714 4091 860 4133 censores
882 4070 1174 4145 stomachabuntur,
1196 4091 1290 4132 uuum
1311 4081 1343 4132 et

125 4178 256 4239 alterum
277 4201 397 4261 sanum,
423 4179 561 4243 mirabile
582 4180 641 4242 sibi
663 4179 775 4255 visum,
799 4179 1050 4261 praetermissum
1072 4201 1157 4255 esse,
1181 4180 1285 4265 idque,
1307 4192 1342 4243 ut

124 4289 174 4362 fn,
194 4289 369 4368 fastidiosae
385 4292 504 4353 crudam
519 4290 724 4374 negligentiae
738 4290 874 4354 iortasse
888 4290 1035 4353 tribuent.
1081 4293 1142 4354 Sed
1156 4313 1341 4375 quamquam

123 4399 269 4464 facillime
290 4382 431 4490 accidere
452 4413 595 4481 poterat,
623 4414 656 4463 ut
678 4402 707 4463 in
730 4414 789 4463 tarn
810 4402 957 4464 immensa
977 4401 1214 4482 inscriptionum
1237 4402 1340 4465 multi-

123 4510 242 4583 tudine,
264 4494 370 4591 plures
391 4511 501 4593 dignae
522 4513 639 4595 utique,
663 4535 743 4596 quae
765 4515 824 4575 huc
845 4511 1067 4586 insererentur,
1091 4532 1157 4573 sese
1177 4512 1251 4574 milri
1268 4515 1342 4574 sub-

123 4622 290 4696 ducerent,
313 4622 458 4684 consulto
479 4634 578 4684 tamen
600 4624 776 4714 plerasque,
801 4645 877 4708 quas
899 4621 1103 4685 desideratum
1121 4621 1160 4682 iri
1178 4643 1240 4705 ego
1259 4643 1341 4705 quo·
